2872 5092
604 464 820 523 „42-

150 636 273 709 λίνικος
301 631 489 694 clamavisse
513 637 662 714 putemus
693 637 749 694 aut
776 629 1005 694 Zielinskio
1036 630 1137 695 fidem
1173 632 1295 697 habea-

150 765 229 821 mur,
253 745 307 825 qui
331 765 386 806 eos
409 749 483 825 post
506 766 532 806 v.
560 749 640 808 1234
664 765 794 806 carmen
808 743 971 825 quoddam
994 748 1107 806 notum
1134 745 1295 810 cecinisse

150 855 338 918 arbitratur.

233 967 273 1029 ll.
296 967 479 1048 Equites,
525 966 621 1030 Chori
645 967 791 1044 exodum,
815 987 899 1048 quae
923 972 1011 1029 certo
1029 967 1170 1045 exstitit,
1195 971 1294 1032 inter-

149 1077 265 1140 cidisse
295 1078 389 1141 valde
421 1078 574 1141 dolemus.
627 1078 690 1141 Sed
721 1077 860 1141 fortasse
890 1077 1015 1158 equites
1047 1076 1206 1143 Cleonem
1241 1080 1293 1165 (cf.

149 1211 175 1251 v.
201 1191 296 1273 1407)
319 1191 352 1252 in
373 1190 564 1272 proscaenio
587 1195 767 1271 asportant.

233 1300 289 1363 ΙΙΙ.
311 1301 455 1365 Nubes
500 1301 548 1364 Ne
578 1301 611 1363 iu
640 1301 702 1364 hac
732 1300 861 1382 quidem
891 1299 1004 1363 fabula
1031 1321 1084 1364 res
1113 1303 1293 1368 manifesta

148 1417 205 1475 est.
250 1413 371 1476 Tamen
393 1411 568 1489 videamus,
591 1433 667 1474 num
690 1411 768 1493 quid
784 1410 956 1493 probabile
979 1411 1019 1474 de
1035 1411 1128 1475 chori
1151 1413 1292 1479 decessu

145 1521 285 1604 proferri
307 1525 417 1606 possit.
464 1523 597 1588 Codices
620 1524 740 1588 RetV
763 1522 894 1604 quidem
908 1543 1082 1605 perperam
1102 1545 1130 1586 u.
1147 1530 1292 1608 1508sq.

148 1633 309 1698 Mercurio
339 1636 502 1712 tribuunt,
546 1636 600 1716 qui
629 1635 663 1697 in
696 1640 767 1698 tota
800 1633 912 1698 fabula
941 1639 1052 1716 partes
1080 1655 1147 1698 non
1179 1636 1292 1715 habet,

149 1747 248 1809 ceteri
265 1745 446 1827 Strepsiadi
469 1747 667 1824 continuant,
691 1748 797 1809 itaut
819 1751 965 1809 extrema
986 1744 1119 1810 fabulae
1143 1748 1252 1813 verba
1273 1770 1293 1812 a

148 1879 175 1919 v.
201 1862 282 1922 1506
306 1858 351 1920 sic
375 1858 565 1921 exhibeant:

251 1975 349 2034 ΣΤΡ.
376 1973 408 2035 τί
429 1970 492 2053 γὰρ
515 1967 681 2054 μαθόντες
702 1966 782 2046 τοὺς
802 1966 904 2047 θεοὺς
927 1966 1084 2053 ὑβρίζετε,

249 2082 304 2146 καὶ
328 2089 385 2167 τῆς
408 2078 546 2166 σελήνης
569 2080 764 2146 ἐσκοπεῖσθε
787 2078 850 2165 τὴν
869 2080 990 2163 ideam

250 2195 360 2271 δίωκε,
382 2191 490 2277 βάλλε,
512 2200 598 2270 παῖε,
619 2198 753 2257 πολλῶν
774 2187 907 2270 οὕνεκα,

249 2302 388 2384 μάλιστα
411 2300 437 2368 d’
464 2301 559 2380 εἰδὼς
581 2299 659 2381 τοὺς
684 2301 785 2380 θεοὺς
811 2300 853 2380 ὡς
874 2301 1022 2388 ἠδίκουν.

251 2418 348 2501 ΧΟΡ.
373 2410 498 2499 ἡγεῖσθ’
526 2413 601 2493 ἔξω·
625 2412 817 2498 κεχόρευται
839 2411 903 2499 γάρ
917 2418 1058 2499 μετρίως
1079 2413 1120 2480 τό
1143 2442 1182 2500 γε

763 2523 908 2610 τήμερον
930 2524 1018 2611 ἡμῖν.

150 2635 268 2698 Versus
291 2639 400 2698 autem
425 2639 565 2718 1508sq.
597 2657 616 2699 a
646 2636 834 2718 Strepsiade
858 2635 1091 2700 abiudicandos
1123 2658 1199 2703 esse
1224 2642 1292 2706 iam

146 2745 272 2828 pridem
296 2745 398 2810 Beer
421 2752 453 2810 et
476 2749 531 2811 alii
547 2748 705 2811 viderunt.
750 2747 864 2829 Neque
886 2752 1017 2830 praeter
1034 2747 1174 2814 chorum
1198 2753 1291 2834 quis·

147 2877 244 2937 quam
267 2857 368 2936 adest,
392 2860 443 2922 cui
464 2859 660 2937 tribuantur,
682 2864 715 2922 et
736 2859 883 2942 profecto
906 2859 1002 2924 huius
1023 2859 1125 2923 verba
1150 2882 1227 2928 esse
1251 2886 1291 2929 ex

146 2967 272 3031 ratione
293 2968 350 3032 illa
372 2970 528 3034 incitandi
545 2970 696 3052 colligere
718 2991 899 3053 possumus,
923 2991 988 3052 qua
1008 2969 1126 3035 chorus
1153 2976 1291 3058 saepius

146 3079 250 3141 utitur
271 3084 308 3143 ut
330 3079 408 3143 Ach.
432 3104 458 3144 v.
483 3087 670 3146 ael—283:

455 3191 552 3277 βάλλε
574 3193 671 3278 βάλλε
693 3192 791 3279 βάλλε
814 3192 911 3279 βάλλε

456 3313 531 3371 παῖε
555 3313 618 3383 πάς
639 3302 700 3372 τὸν
721 3303 853 3390 μιαρόν,

455 3411 497 3480 οὐ
518 3419 637 3499 βαλεῖς,
660 3412 701 3482 οὐ
722 3422 840 3502 βαλεῖς.

300 3524 381 3605 Equ.
406 3530 482 3589 247:
506 3535 581 3593 παῖε
602 3536 678 3594 παῖε
700 3525 760 3594 τὸν
782 3535 976 3612 πανοῦργον
997 3533 1064 3592 κτλ.
1134 3617 1139 3624 ⁵

301 3636 356 3698 Av.
381 3641 459 3701 365:
483 3637 553 3703 ἕλκε
576 3642 662 3704 τίλλε
685 3648 761 3705 παῖε
784 3642 872 3723 δεῖρε
892 3637 992 3704 κόπτε
1014 3644 1081 3702 κτλ.

147 3744 241 3820 Quod
266 3745 350 3807 euim
381 3747 529 3811 omnibus
559 3748 609 3811 his
639 3747 719 3812 locis
752 3748 928 3813 choraulae
955 3748 1041 3812 inter
1070 3769 1105 3812 se
1134 3750 1293 3834 incitant,

146 3852 229 3917 Nub.
252 3877 279 3917 v.
307 3862 387 3921 1508
411 3879 465 3922 eos
484 3858 571 3922 idem
586 3859 694 3923 facere
709 3859 881 3924 verisimile
904 3865 961 3924 est.
1007 3860 1129 3924 Versus
1143 3883 1294 3947 sequens

147 3964 271 4044 deinde,
294 3967 349 4048 qui
370 3974 433 4032 est:

300 4076 488 4162 μάλιστάτῖ
516 4081 612 4159 εἰδὼς
637 4081 716 4160 τοὺς
737 4081 840 4160 θεοὺς
864 4081 905 4161 ὥς
927 4079 1067 4168 ἠδικονν

148 4207 220 4250 cum
248 4193 377 4270 repetat
407 4195 532 4255 tantum
565 4193 661 4256 modo
690 4194 887 4275 Strepsiadis
912 4192 1013 4258 verba
1043 4197 1293 4280 antecedentia,

148 4301 181 4371 a
202 4297 406 4380 Heliodorus,
428 4302 515 4395 quod
533 4304 666 4386 Bergk
687 4314 805 4387 monet,
827 4306 860 4368 in
876 4311 1022 4375 extrema
1036 4314 1132 4388 parte
1149 4306 1295 4383 fabulae
