2872 5092
617 473 638 479 ..
693 436 733 495 33
781 469 816 477 -.

148 608 281 668 counitos
305 612 388 687 (l'l'.
415 610 435 667 :t
463 612 495 667 ot
518 605 560 682 B,
590 605 854 685 dcuteragonista
882 609 914 666 et
935 605 1164 687 tritagonista)
1191 626 1265 689 pras·

148 725 260 783 euntes
284 739 304 781 a
326 716 425 780 choro
448 715 597 779 simulate
621 716 764 780 urbanos
786 715 900 780 haberi
923 714 1048 814 credas.
1097 708 1207 785 Αὗται
1225 734 1267 809 cp·

146 838 210 895 tem
235 850 319 911 quae
342 850 368 890 v.
383 833 443 891 503
467 827 618 890 dicuutur
633 827 819 909 Praxagora
834 826 1024 910 prodeunte,
1049 830 1131 910 quin
1155 830 1270 895 eaedem

148 942 281 1004 comites
303 941 384 1016 sint,
413 938 502 1002 haud
525 938 658 1001 dubium
683 945 732 1001 est
755 945 853 1021 atque
876 939 953 1002 item
977 945 1134 1021 apertum
1157 947 1207 1005 est
1226 941 1270 1004 illo

147 1053 217 1116 loco
241 1072 296 1114 eas
314 1057 420 1114 mutas
442 1072 512 1114 esse
536 1051 662 1125 debere,
685 1053 761 1133 quia
785 1051 900 1114 ceteris
916 1051 1136 1116 histrionibus
1158 1052 1273 1135 Blepyri

147 1170 180 1227 et
208 1164 267 1225 viri
298 1165 338 1245 (v.
363 1165 438 1244 562)
466 1168 578 1245 partes
605 1163 750 1244 agendae
773 1168 856 1226 sunt.
901 1162 943 1224 Et
966 1182 1032 1243 qua
1056 1162 1099 1226 de
1124 1184 1224 1227 causa
1242 1162 1276 1226 ad

147 1273 348 1355 dialogorum
374 1274 546 1337 intervalla
584 1273 744 1356 explenda
781 1271 991 1336 saltatoribus
1028 1276 1180 1356 propriis
1209 1297 1277 1358 opus

90 1413 96 1423 ¹
147 1393 227 1461 erat,
251 1406 324 1448 cum
347 1385 522 1449 choreutae
550 1385 612 1467 ipsi
635 1384 775 1447 saltandi
799 1384 897 1466 periti
919 1385 1050 1447 essent?
1096 1386 1220 1468 ltaque
1240 1387 1279 1449 in·

147 1497 233 1560 dicia
266 1496 398 1576 desunt,
432 1496 549 1578 quibus
589 1497 681 1558 iuxta
720 1496 897 1575 legitimum
939 1495 1075 1559 chorum
1115 1497 1282 1562 duodecim

148 1607 375 1671 choreutarum
400 1613 507 1670 mutas
528 1628 685 1689 personas
711 1608 776 1669 sive
799 1606 972 1670 saltatores
993 1606 1094 1670 fuisse
1120 1609 1284 1674 doceatur.

147 1722 254 1801 Atque
276 1720 395 1782 iustum
426 1719 516 1781 illum
546 1718 679 1781 chorum
708 1719 772 1781 iam
797 1723 872 1781 ante
899 1741 925 1781 v.
951 1724 1011 1782 285
1035 1719 1188 1784 adfuisse
1212 1722 1286 1785 vidi-

146 1853 227 1908 mus,
251 1850 355 1911 neque
377 1829 507 1911 quaudo
533 1831 716 1907 intraverit,
750 1829 898 1892 dubium:
929 1852 956 1892 v.
981 1834 1021 1894 30
1044 1831 1167 1895 mulier
1191 1854 1287 1914 quae·

148 1942 221 2005 dam
245 1941 371 2023 prodit,
402 1962 498 2022 quam
531 1941 621 2003 chori
651 1941 765 2004 ducem
794 1961 864 2004 esse
897 1940 1042 2004 Beerio
1076 1944 1122 2023 (p.
1152 1948 1216 2008 104
1229 1946 1288 2026 sq.)

149 2055 325 2131 assentior3
354 2058 534 2134 sequuntur
558 2052 640 2114 aliae
664 2053 818 2128 feminae,
851 2073 987 2134 quarum
1010 2058 1139 2134 septem
1164 2077 1288 2119 nuncu-

146 2171 275 2247 pantur,
299 2160 443 2248 ‘pilosum
456 2165 573 2229 πολλαὶ
596 2161 686 2228 πάνυ
708 2164 881 2247 γυναῖκες’.
926 2162 1019 2241 Quod
1041 2164 1069 2226 si
1088 2165 1132 2227 ad
1150 2166 1288 2230 choreu-

147 2281 198 2338 tas
226 2280 369 2357 spectat,
400 2295 454 2337 eos
484 2295 548 2336 nou
577 2274 764 2352 duodecim,
795 2275 852 2337 sed
884 2275 996 2356 viginti
1026 2280 1189 2356 quattuor
1219 2298 1289 2341 esse

147 2386 341 2450 declaratur.
386 2384 451 2449 Sed
473 2407 545 2449 oum
567 2386 599 2447 iu
622 2385 831 2466 sequentibus
854 2406 967 2450 novem
984 2385 1123 2450 feminae
1147 2387 1288 2472 loquan-

146 2504 216 2576 tur,
241 2499 365 2561 diverse
392 2496 529 2577 cogitari
551 2496 642 2559 licet:
682 2502 739 2560 aut
761 2496 1057 2562 Ecclesiazusarum
1081 2497 1208 2564 ohorus
1229 2522 1288 2583 per

146 2608 305 2690 parodum
329 2608 474 2686 advenit,
502 2608 585 2671 aliae
604 2629 664 2691 per
686 2629 822 2671 scaenae
845 2613 974 2690 portas:
1004 2607 1090 2690 quod
1114 2609 1141 2672 si
1164 2611 1288 2693 proba·

146 2741 235 2797 mus,
263 2719 524 2802 putandumst
554 2719 795 2783 Ecclesiazusas
822 2721 944 2802 partim
971 2721 1004 2783 in
1027 2740 1147 2784 scaeua
1172 2723 1288 2787 sedere

147 2833 187 2913 (v.
209 2837 248 2895 57
273 2832 377 2912 alias),
399 2831 518 2912 partim
541 2831 573 2893 in
598 2830 765 2893 orchestra
787 2836 875 2894 stare
897 2873 938 2882 -
959 2851 1034 2895 nam
1055 2831 1090 2893 in
1113 2833 1288 2898 orchestra

147 2941 253 3006 sederi
274 2942 328 3004 vix
348 2941 462 3019 fuerit,
495 2942 549 3023 qui
571 2941 684 3005 credat
705 2978 756 3019 -,
780 2942 895 3006 deinde
909 2943 1131 3023 Praxagoram
1153 2951 1191 3009 et
1213 2947 1286 3013 illas

146 3054 282 3117 feminas
306 3052 348 3116 ad
372 3052 552 3116 contionem
573 3074 632 3134 per
655 3074 791 3116 scaenae
812 3059 942 3136 portam
966 3053 1070 3132 abire,
1092 3054 1234 3122 chorum
1254 3061 1287 3123 iu

147 3164 283 3228 eundem
311 3163 418 3227 locum
448 3183 507 3245 per
535 3164 631 3226 aliam
666 3171 810 3246 portam,
847 3164 1022 3248 parodum,
1061 3186 1147 3246 quae
1175 3171 1286 3235 omnia

147 3275 276 3338 minime
295 3275 482 3338 verisimilia
509 3280 592 3337 suut.
637 3277 702 3338 Aut
731 3276 848 3340 chorus
878 3278 912 3340 in
943 3277 1135 3359 proscaenio
1163 3281 1285 3361 prodit,

147 3385 327 3468 complures
360 3385 534 3448 choreutae
565 3406 670 3466 pauca
700 3387 892 3469 loquuntur,
921 3393 1053 3470 praeter
1086 3409 1161 3452 eum
1190 3414 1286 3457 nemo

147 3496 240 3559 adest
259 3497 321 3560 nisi
341 3497 530 3578 Praxagora
554 3518 626 3560 oum
650 3497 776 3562 duabus
799 3498 978 3578 comitibus
1001 3498 1119 3580 quibus
1143 3503 1286 3568 maiores

145 3613 256 3690 partes
279 3615 373 3672 erant
394 3608 548 3691 agendae.
594 3609 664 3672 Hoo
677 3609 824 3690 profecto
841 3609 942 3674 multo
956 3609 1162 3692 probabilius
1185 3614 1287 3680 fuerit

147 3725 245 3801 atque
276 3720 341 3782 iam
370 3720 681 3783 Schoenbornio
710 3721 758 3783 ita
787 3721 890 3784 visum
921 3727 978 3785 est.
1023 3721 1066 3785 Et
1095 3728 1228 3789 certum
1250 3728 1287 3790 lit

146 3830 259 3911 viginti
282 3836 437 3912 quattuor
461 3831 633 3895 choreutae
657 3830 756 3895 fuisse
778 3853 883 3914 neque
906 3831 1121 3896 semichorum
1146 3836 1286 3903 saltato-

145 3963 234 4021 rum,
255 3941 437 4023 explicatur
455 3949 563 4006 autem
579 3943 708 4024 optime,
728 3964 800 4007 oum
815 3944 996 4026 Lysistrata
1011 3944 1147 4008 comites
1164 3947 1288 4014 chorus

145 4053 178 4115 in
202 4053 313 4116 eodem
337 4053 407 4115 loco
430 4055 503 4131 sint,
526 4077 553 4117 v.
578 4060 638 4118 509
653 4076 716 4136 sq.:

339 4164 393 4230 καὶ
415 4167 529 4246 μέντοι
552 4163 594 4230 σὺ
613 4167 674 4247 μὲν
695 4164 818 4243 ταύτας
839 4160 1074 4249 κατευτρέπιξ,

147 4275 233 4357 quod
256 4275 407 4339 nimirum
431 4273 611 4356 Lysistrata
638 4276 733 4340 alteri
762 4276 915 4341 comitum
942 4278 1091 4359 imperat.
1137 4276 1207 4345 Res
1230 4284 1291 4370 igi·
