2872 5092
687 495 731 506 ..
774 440 902 520 44'-

313 630 349 692 V.
374 629 519 691 Ranae.
565 629 627 692 Res
650 650 753 710 aeque
785 633 884 709 atque
906 628 939 689 in
963 626 1083 689 Avibus
1104 627 1291 709 perspicua
1316 633 1372 692 est.

226 741 308 803 Nam
324 747 447 824 mystae
465 740 657 823 Aeschylum
675 740 801 803 facibus
817 738 971 822 prosequi
994 760 1014 800 a
1036 738 1170 801 Plutone
1188 738 1244 802 his
1261 739 1374 804 verbis

226 852 306 915 iussi
328 874 355 914 v.
382 857 543 933 1524sqq.

484 967 619 1047 φαίνετε
642 967 760 1029 τοίνυν
783 961 875 1047 ὑμεῖς
895 960 1004 1051 τούτῳ

484 1074 654 1159 λαμπάδας
677 1072 775 1156 ἱεράς,
799 1071 885 1158 χᾶμα
899 1073 1106 1158 προπέμπετε

484 1189 591 1252 τοῖσίν
609 1183 733 1252 τούτου
754 1194 878 1251 τοῦτον
898 1185 1029 1270 μέλεσιν

483 1299 538 1363 καὶ
559 1304 737 1383 μολπαῖσιν
758 1299 986 1375 κελαδοῦντες,

225 1430 340 1492 nempe
362 1408 404 1472 ad
427 1408 629 1492 Aeschylum,
653 1429 748 1489 quem
765 1408 887 1471 honore
902 1406 1033 1471 afficere
1056 1407 1177 1486 volunt,
1203 1410 1372 1473 accedunt

225 1541 330 1602 neque
354 1521 497 1602 cogitare
519 1540 690 1603 possumus
721 1519 929 1602 Aeschylum,
961 1524 997 1583 ut
1027 1518 1263 1599 honoraretur,
1296 1521 1371 1585 illos

226 1631 353 1695 adiisse.
397 1632 512 1713 Itaque
537 1630 655 1694 chorus
677 1631 720 1693 ad
741 1632 968 1714 proscaenium
992 1629 1146 1694 ascendit.

312 1744 365 1807 VI.
387 1743 714 1806 Ecclesiazusae.
761 1743 867 1825 Supra
893 1743 927 1805 in
957 1741 1130 1806 tractanda
1151 1741 1251 1806 huius
1272 1743 1371 1809 fabu-

225 1855 277 1918 lae
298 1854 423 1936 parodo
446 1855 647 1936 Engerum
670 1854 721 1936 (N.
744 1853 879 1918 Jahrbb.
894 1854 915 1916 f.
933 1854 989 1916 Ph.
1007 1853 1140 1918 LXVIII
1155 1875 1186 1934 p.
1206 1859 1271 1918 257
1283 1858 1371 1939 sqq.)

227 1971 260 2028 et
279 1966 542 2030 Arnoldtium
564 1966 584 2028 l.
608 1966 627 2028 l.
650 1969 808 2050 μείρακας
829 1965 903 2028 illas
925 1987 952 2028 r.
979 1970 1061 2028 1138
1092 1971 1372 2031 commemoratas

225 2115 269 2124 -—
299 2077 475 2141 scholiasta
510 2098 566 2140 eas
597 2098 669 2140 cum
706 2076 870 2140 choreutis
907 2075 1075 2141 confundit
1101 2113 1143 2124 -
1177 2076 1371 2143 saltatrices

226 2189 356 2252 duxisse
380 2189 601 2270 cognovimus,
633 2208 716 2269 quae
745 2187 917 2269 parabasis
950 2193 983 2251 et
1016 2188 1224 2252 stasimorum
1257 2189 1371 2253 locum

227 2299 376 2363 saltando
399 2299 622 2380 explevissent.
668 2299 761 2376 Quod
784 2300 811 2362 si
833 2304 959 2363 rectum
979 2299 1038 2378 sit,
1069 2319 1124 2362 eas
1146 2320 1210 2362 non
1233 2300 1269 2362 in
1293 2323 1372 2383 pro-

227 2411 374 2488 scaenio,
409 2410 466 2474 sed
498 2411 532 2473 in
565 2411 733 2475 orchestra
771 2411 870 2474 fuisse
905 2411 976 2474 iure
1015 2415 1129 2475 contra
1160 2410 1372 2492 Engerum

228 2522 403 2585 Arnoldt
424 2527 550 2600 monet,
577 2522 692 2585 deiude
724 2527 833 2586 autem
864 2542 923 2586 nos
947 2527 1137 2605 exspectare
1159 2541 1234 2585 eum
1257 2523 1372 2588 locum

228 2654 248 2696 a
278 2636 376 2716 poeta
406 2632 597 2714 significari,
630 2654 694 2715 quo
725 2634 909 2696 saltatrices
937 2633 1112 2697 adveniant
1140 2633 1371 2718 incipiantque

228 2745 357 2808 saltare.
403 2745 504 2821 Quem
523 2745 631 2808 locum
652 2767 678 2808 v.
703 2749 780 2809 503:

313 2845 431 2940 χαῦται
453 2854 516 2940 γὰρ
539 2854 677 2942 ἥκουσιν
699 2855 799 2921 πάλαι
821 2855 859 2922 τὸ
879 2866 985 2942 σχῆμα
1006 2853 1094 2922 τοῦτ’
1121 2855 1257 2939 ἔχουσαι

229 2988 293 3030 non
316 2987 386 3030 esse
416 2967 481 3029 iam
511 2989 611 3049 supra
641 2968 673 3030 iu
704 2966 916 3030 Arnoldtii
951 2967 990 3031 de
1018 2966 1145 3032 duabus
1174 2969 1372 3035 semichoris

229 3079 423 3142 sententiam
448 3078 647 3159 inquirentes
677 3079 823 3142 vidimus.
868 3079 984 3160 Itaque
1018 3078 1147 3160 quando
1180 3079 1372 3147 saltatrices

228 3189 404 3272 prodeant,
435 3188 523 3252 nullo
553 3190 647 3253 modo
675 3189 875 3267 ostenditur,
909 3190 966 3253 sed
996 3211 1023 3251 v.
1057 3195 1139 3254 1138
1177 3190 1288 3256 subito
1330 3195 1372 3258 ab

230 3299 396 3363 actoribus
415 3321 527 3364 earum
556 3301 641 3364 ratio
668 3301 817 3364 habetur.
863 3300 956 3378 Quod
988 3300 1127 3364 fortasse
1149 3299 1230 3364 ferri
1253 3306 1372 3385 possit,

230 3411 287 3475 sed
326 3431 384 3474 cur
414 3433 441 3473 v.
467 3417 547 3475 1151
587 3433 661 3476 erus
691 3413 862 3494 degressus
892 3412 1076 3475 saltatrices
1106 3433 1215 3476 secum
1248 3413 1373 3481 ducere

228 3522 390 3601 iubeatur,
414 3522 556 3602 chorum,
581 3524 637 3605 qui
658 3525 735 3587 item
758 3525 792 3587 in
812 3524 982 3587 orchestra
1000 3528 1151 3587 versatur
1167 3528 1270 3605 atque
1291 3528 1374 3592 item

231 3633 357 3716 epulari
378 3633 463 3712 vult,
497 3656 560 3699 non
580 3635 741 3713 iubeatur,
764 3657 829 3698 non
848 3635 1002 3699 videmus.
1048 3634 1171 3712 Quibus
1195 3634 1237 3698 de
1263 3640 1375 3703 causis

230 3745 303 3808 illas
325 3748 482 3829 μείρακας
503 3747 691 3810 meretrices
714 3767 784 3809 esse
807 3748 875 3810 sine
896 3746 964 3810 ulla
984 3745 1188 3810 dubitatione
1206 3751 1376 3816 statuere·

230 3877 317 3933 muS,
346 3857 540 3938 praesertim
574 3878 647 3920 cum
681 3857 829 3921 similiter
858 3859 892 3920 in
923 3857 1076 3922 extremis
1110 3856 1377 3926 Acharnensium

230 3966 385 4049 Equitum
408 3966 501 4030 Pacis
523 3968 673 4051 partibus
694 3969 881 4033 meretrices
904 3969 1058 4051 gaudium
1075 3989 1194 4050 augere
1217 3971 1377 4051 sciamus,

231 4079 293 4142 nisi
315 4078 504 4158 Praxagora
527 4079 662 4144 dixisset
683 4102 711 4143 v.
737 4085 798 4144 718
815 4102 879 4162 sq:

409 4188 520 4254 ἔπειτα
542 4189 600 4269 τὰς
620 4190 745 4274 πόρνας
763 4201 972 4258 καταπαῦσαι
995 4191 1157 4278 βούλομαι

408 4297 630 4384 ἁπαξαπάσας.
