<?xml version="1.0" encoding="UTF-8"?>
<!DOCTYPE html PUBLIC "-//W3C//DTD XHTML 1.0 Transitional//EN"
    "http://www.w3.org/TR/xhtml1/DTD/xhtml1-transitional.dtd">
<html xmlns="http://www.w3.org/1999/xhtml" xml:lang="en" lang="en">
 <head>
  <title>
</title>
<meta http-equiv="Content-Type" content="text/html;charset=utf-8" />
  <meta name='ocr-system' content='tesseract 3.04.00' />
  <meta name='ocr-capabilities' content='ocr_page ocr_carea ocr_par ocr_line ocrx_word'/>
</head>
<body>
  <div class='ocr_page' id='page_1' title='image "./aristophanispax00helmgoog_0009.png"; bbox 0 0 2872 5092; ppageno 0'>
   <div class='ocr_carea' id='block_1_1' title="bbox 155 802 1274 1030">
    <p class='ocr_par' dir='ltr' id='par_1_1' title="bbox 155 802 1274 1030">
     <span class='ocr_line' id='line_1_1' title="bbox 212 802 1226 908; baseline 0.009 -28"><span class='ocrx_word' id='word_1_1' title='bbox 212 805 300 903; x_wconf 79' lang='lat' dir='ltr'><strong>Cap.</strong></span> <span class='ocrx_word' id='word_1_2' title='bbox 327 807 376 880; x_wconf 91' lang='lat' dir='ltr'><strong>Ii.</strong></span> <span class='ocrx_word' id='word_1_3' title='bbox 423 802 480 884; x_wconf 85' lang='lat' dir='ltr'><strong>¹ite</strong></span> <span class='ocrx_word' id='word_1_4' title='bbox 509 807 555 885; x_wconf 90' lang='lat' dir='ltr'><strong>iis</strong></span> <span class='ocrx_word' id='word_1_5' title='bbox 583 807 884 903; x_wconf 74' lang='lat' dir='ltr'><strong>dubitationibus,</strong></span> <span class='ocrx_word' id='word_1_6' title='bbox 914 831 1009 908; x_wconf 86' lang='lat' dir='ltr'><strong>uuae</strong></span> <span class='ocrx_word' id='word_1_7' title='bbox 1037 811 1226 908; x_wconf 84' lang='lat' dir='ltr'><strong>pertinent</strong></span> 
     </span>
     <span class='ocr_line' id='line_1_2' title="bbox 155 925 1274 1030; baseline 0.005 -27"><span class='ocrx_word' id='word_1_8' title='bbox 155 927 200 1003; x_wconf 83' lang='lat' dir='ltr'><strong>ari</strong></span> <span class='ocrx_word' id='word_1_9' title='bbox 231 925 339 1004; x_wconf 83' lang='lat' dir='ltr'><strong>Pacis</strong></span> <span class='ocrx_word' id='word_1_10' title='bbox 366 945 397 1003; x_wconf 87' lang='lat' dir='ltr'><strong>u.</strong></span> <span class='ocrx_word' id='word_1_11' title='bbox 421 925 473 1004; x_wconf 89' lang='grc'><strong>47</strong></span> <span class='ocrx_word' id='word_1_12' title='bbox 485 945 556 1024; x_wconf 75' lang='lat' dir='ltr'><strong>so,</strong></span> <span class='ocrx_word' id='word_1_13' title='bbox 583 947 614 1005; x_wconf 87' lang='lat' dir='ltr'><strong>u.</strong></span> <span class='ocrx_word' id='word_1_14' title='bbox 643 927 721 1007; x_wconf 83' lang='grc'><strong>963</strong></span> <span class='ocrx_word' id='word_1_15' title='bbox 733 948 828 1027; x_wconf 76' lang='lat' dir='ltr'><strong>suo,</strong></span> <span class='ocrx_word' id='word_1_16' title='bbox 857 950 888 1008; x_wconf 87' lang='lat' dir='ltr'><strong>u.</strong></span> <span class='ocrx_word' id='word_1_17' title='bbox 918 929 1007 1023; x_wconf 85' lang='grc'>376,</span> <span class='ocrx_word' id='word_1_18' title='bbox 1034 951 1065 1008; x_wconf 92' lang='lat' dir='ltr'><strong>u.</strong></span> <span class='ocrx_word' id='word_1_19' title='bbox 1093 929 1274 1030; x_wconf 82' lang='lat' dir='ltr'><strong>406soo.</strong></span> 
     </span>
    </p>
   </div>
   <div class='ocr_carea' id='block_1_2' title="bbox 662 1104 764 1115">
    <p class='ocr_par' dir='ltr' id='par_1_2' title="bbox 662 1104 764 1115">
     <span class='ocr_line' id='line_1_3' title="bbox 662 1104 764 1115; baseline 0 -5"><span class='ocrx_word' id='word_1_20' title='bbox 662 1104 764 1115; x_wconf 78' lang='lat'><strong>-,..—.</strong></span> 
     </span>
    </p>
   </div>
   <div class='ocr_carea' id='block_1_3' title="bbox 137 1189 1284 1845">
    <p class='ocr_par' dir='ltr' id='par_1_3' title="bbox 137 1189 1284 1845">
     <span class='ocr_line' id='line_1_4' title="bbox 233 1189 1283 1280; baseline 0.008 -27"><span class='ocrx_word' id='word_1_21' title='bbox 233 1189 409 1272; x_wconf 90' lang='lat' dir='ltr'><strong>Postquam</strong></span> <span class='ocrx_word' id='word_1_22' title='bbox 427 1193 649 1274; x_wconf 88' lang='lat' dir='ltr'><strong>quaestionem</strong></span> <span class='ocrx_word' id='word_1_23' title='bbox 665 1193 704 1259; x_wconf 90' lang='lat' dir='ltr'><strong>de</strong></span> <span class='ocrx_word' id='word_1_24' title='bbox 718 1200 874 1277; x_wconf 88' lang='lat' dir='ltr'><strong>tempore,</strong></span> <span class='ocrx_word' id='word_1_25' title='bbox 898 1195 938 1259; x_wconf 89' lang='lat' dir='ltr'><strong>de</strong></span> <span class='ocrx_word' id='word_1_26' title='bbox 961 1216 1024 1277; x_wconf 91' lang='lat' dir='ltr'><strong>quo</strong></span> <span class='ocrx_word' id='word_1_27' title='bbox 1040 1217 1126 1259; x_wconf 92' lang='lat' dir='ltr'><strong>nunc</strong></span> <span class='ocrx_word' id='word_1_28' title='bbox 1147 1197 1283 1280; x_wconf 88' lang='lat' dir='ltr'><strong>quidem</strong></span> 
     </span>
     <span class='ocr_line' id='line_1_5' title="bbox 146 1293 1284 1386; baseline 0.005 -18"><span class='ocrx_word' id='word_1_29' title='bbox 146 1305 207 1368; x_wconf 84' lang='lat' dir='ltr'><strong>viri</strong></span> <span class='ocrx_word' id='word_1_30' title='bbox 241 1293 328 1368; x_wconf 90' lang='lat' dir='ltr'><strong>docti</strong></span> <span class='ocrx_word' id='word_1_31' title='bbox 361 1305 415 1368; x_wconf 85' lang='lat' dir='ltr'><strong>vix</strong></span> <span class='ocrx_word' id='word_1_32' title='bbox 435 1304 660 1385; x_wconf 73' lang='lat' dir='ltr'><strong>dissentiant,</strong></span> <span class='ocrx_word' id='word_1_33' title='bbox 697 1307 909 1386; x_wconf 84' lang='lat' dir='ltr'><strong>absolvimus,</strong></span> <span class='ocrx_word' id='word_1_34' title='bbox 946 1307 988 1371; x_wconf 91' lang='lat' dir='ltr'><strong>ad</strong></span> <span class='ocrx_word' id='word_1_35' title='bbox 1026 1311 1284 1374; x_wconf 86' lang='lat' dir='ltr'><strong>controversiam</strong></span> 
     </span>
     <span class='ocr_line' id='line_1_6' title="bbox 146 1417 1283 1500; baseline 0.007 -21"><span class='ocrx_word' id='word_1_36' title='bbox 146 1422 360 1496; x_wconf 88' lang='lat' dir='ltr'><strong>transeamus,</strong></span> <span class='ocrx_word' id='word_1_37' title='bbox 384 1437 467 1499; x_wconf 88' lang='lat' dir='ltr'><strong>quae</strong></span> <span class='ocrx_word' id='word_1_38' title='bbox 490 1417 518 1480; x_wconf 91' lang='lat' dir='ltr'><strong>si</strong></span> <span class='ocrx_word' id='word_1_39' title='bbox 541 1418 618 1499; x_wconf 91' lang='lat' dir='ltr'><strong>quid</strong></span> <span class='ocrx_word' id='word_1_40' title='bbox 633 1418 726 1482; x_wconf 88' lang='lat' dir='ltr'><strong>video</strong></span> <span class='ocrx_word' id='word_1_41' title='bbox 742 1419 884 1483; x_wconf 91' lang='lat' dir='ltr'><strong>nondum</strong></span> <span class='ocrx_word' id='word_1_42' title='bbox 900 1420 1077 1484; x_wconf 88' lang='lat' dir='ltr'><strong>diiudicata</strong></span> <span class='ocrx_word' id='word_1_43' title='bbox 1093 1427 1151 1485; x_wconf 87' lang='lat' dir='ltr'><strong>est.</strong></span> <span class='ocrx_word' id='word_1_44' title='bbox 1199 1423 1283 1500; x_wconf 88' lang='lat' dir='ltr'><strong>Nam</strong></span> 
     </span>
     <span class='ocr_line' id='line_1_7' title="bbox 147 1529 1283 1615; baseline 0.004 -21"><span class='ocrx_word' id='word_1_45' title='bbox 147 1550 219 1594; x_wconf 89' lang='lat' dir='ltr'><strong>cum</strong></span> <span class='ocrx_word' id='word_1_46' title='bbox 241 1531 307 1592; x_wconf 92' lang='lat' dir='ltr'><strong>iam</strong></span> <span class='ocrx_word' id='word_1_47' title='bbox 328 1529 400 1593; x_wconf 89' lang='lat' dir='ltr'><strong>aliis</strong></span> <span class='ocrx_word' id='word_1_48' title='bbox 423 1529 650 1612; x_wconf 82' lang='lat' dir='ltr'><strong>Aristophanis</strong></span> <span class='ocrx_word' id='word_1_49' title='bbox 680 1531 748 1594; x_wconf 84' lang='lat' dir='ltr'><strong>Pax</strong></span> <span class='ocrx_word' id='word_1_50' title='bbox 774 1532 879 1596; x_wconf 89' lang='lat' dir='ltr'><strong>minus</strong></span> <span class='ocrx_word' id='word_1_51' title='bbox 909 1531 1054 1615; x_wconf 85' lang='lat' dir='ltr'><strong>perfecta</strong></span> <span class='ocrx_word' id='word_1_52' title='bbox 1084 1535 1155 1597; x_wconf 90' lang='lat' dir='ltr'><strong>visa</strong></span> <span class='ocrx_word' id='word_1_53' title='bbox 1187 1542 1283 1614; x_wconf 89' lang='lat' dir='ltr'><strong>esset,</strong></span> 
     </span>
     <span class='ocr_line' id='line_1_8' title="bbox 137 1636 1283 1727; baseline 0.01 -25"><span class='ocrx_word' id='word_1_54' title='bbox 137 1642 331 1725; x_wconf 68' lang='lat' dir='ltr'><strong>,Droysen</strong></span> <span class='ocrx_word' id='word_1_55' title='bbox 359 1642 393 1704; x_wconf 94' lang='lat' dir='ltr'><strong>in</strong></span> <span class='ocrx_word' id='word_1_56' title='bbox 418 1636 584 1723; x_wconf 84' lang='lat' dir='ltr'><strong>prooemio</strong></span> <span class='ocrx_word' id='word_1_57' title='bbox 615 1642 746 1707; x_wconf 86' lang='lat' dir='ltr'><strong>fabulae</strong></span> <span class='ocrx_word' id='word_1_58' title='bbox 768 1645 906 1708; x_wconf 89' lang='lat' dir='ltr'><strong>versioni</strong></span> <span class='ocrx_word' id='word_1_59' title='bbox 927 1645 1106 1727; x_wconf 88' lang='lat' dir='ltr'><strong>praemisso</strong></span> <span class='ocrx_word' id='word_1_60' title='bbox 1128 1646 1212 1711; x_wconf 89' lang='lat' dir='ltr'><strong>illud</strong></span> <span class='ocrx_word' id='word_1_61' title='bbox 1225 1649 1283 1717; x_wconf 69' lang='lat' dir='ltr'><strong>‚iu-</strong></span> 
     </span>
     <span class='ocr_line' id='line_1_9' title="bbox 147 1755 1283 1845; baseline 0.007 -26"><span class='ocrx_word' id='word_1_62' title='bbox 147 1756 266 1819; x_wconf 90' lang='lat' dir='ltr'><strong>dicium</strong></span> <span class='ocrx_word' id='word_1_63' title='bbox 290 1775 362 1818; x_wconf 90' lang='lat' dir='ltr'><strong>cum</strong></span> <span class='ocrx_word' id='word_1_64' title='bbox 385 1758 575 1835; x_wconf 87' lang='lat' dir='ltr'><strong>argumento</strong></span> <span class='ocrx_word' id='word_1_65' title='bbox 598 1755 695 1819; x_wconf 89' lang='lat' dir='ltr'><strong>tertio</strong></span> <span class='ocrx_word' id='word_1_66' title='bbox 718 1758 907 1839; x_wconf 81' lang='lat' dir='ltr'><strong>composuit,</strong></span> <span class='ocrx_word' id='word_1_67' title='bbox 929 1757 987 1821; x_wconf 93' lang='lat' dir='ltr'><strong>ubi</strong></span> <span class='ocrx_word' id='word_1_68' title='bbox 1009 1757 1055 1820; x_wconf 89' lang='lat' dir='ltr'><strong>sic</strong></span> <span class='ocrx_word' id='word_1_69' title='bbox 1078 1764 1143 1822; x_wconf 89' lang='lat' dir='ltr'><strong>est:</strong></span> <span class='ocrx_word' id='word_1_70' title='bbox 1184 1762 1283 1845; x_wconf 79' lang='grc' dir='ltr'><strong>Φέρε-</strong></span> 
     </span>
    </p>
   </div>
   <div class='ocr_carea' id='block_1_4' title="bbox 102 1853 1284 2844">
    <p class='ocr_par' dir='ltr' id='par_1_4' title="bbox 102 1853 1284 2844">
     <span class='ocr_line' id='line_1_10' title="bbox 146 1853 1284 1959; baseline 0.004 -24"><span class='ocrx_word' id='word_1_71' title='bbox 146 1853 200 1936; x_wconf 79' lang='grc' dir='ltr'><strong>ται</strong></span> <span class='ocrx_word' id='word_1_72' title='bbox 238 1868 275 1934; x_wconf 79' lang='grc' dir='ltr'><strong>ἐν</strong></span> <span class='ocrx_word' id='word_1_73' title='bbox 314 1876 385 1946; x_wconf 84' lang='grc' dir='ltr'><em>ταῖς</em></span> <span class='ocrx_word' id='word_1_74' title='bbox 416 1869 640 1946; x_wconf 78' lang='grc' dir='ltr'><em>διδασκαλίαις</em></span> <span class='ocrx_word' id='word_1_75' title='bbox 676 1869 731 1934; x_wconf 83' lang='grc' dir='ltr'><strong>καὶ</strong></span> <span class='ocrx_word' id='word_1_76' title='bbox 764 1868 879 1952; x_wconf 81' lang='grc' dir='ltr'><em>ἑτέραν</em></span> <span class='ocrx_word' id='word_1_77' title='bbox 918 1867 1097 1954; x_wconf 78' lang='grc' dir='ltr'><em>δεδιδαχὼς</em></span> <span class='ocrx_word' id='word_1_78' title='bbox 1128 1872 1284 1959; x_wconf 81' lang='grc' dir='ltr'><strong><em>Εἰρήνην</em></strong></span> 
     </span>
     <span class='ocr_line' id='line_1_11' title="bbox 147 1975 1283 2066; baseline 0.001 -18"><span class='ocrx_word' id='word_1_79' title='bbox 147 1978 268 2066; x_wconf 80' lang='grc' dir='ltr'><strong>ὁμοίως</strong></span> <span class='ocrx_word' id='word_1_80' title='bbox 290 1976 308 2047; x_wconf 86' lang='grc' dir='ltr'>ὁ</span> <span class='ocrx_word' id='word_1_81' title='bbox 327 1975 563 2065; x_wconf 76' lang='grc' dir='ltr'><strong><em>Ἀριστοφάνης</em></strong></span> <span class='ocrx_word' id='word_1_82' title='bbox 585 1986 670 2046; x_wconf 55' lang='grc' dir='ltr'><strong>κτλα</strong></span> <span class='ocrx_word' id='word_1_83' title='bbox 700 1977 784 2043; x_wconf 91' lang='lat' dir='ltr'><strong>unde</strong></span> <span class='ocrx_word' id='word_1_84' title='bbox 814 2001 912 2062; x_wconf 88' lang='lat' dir='ltr'><strong>quam</strong></span> <span class='ocrx_word' id='word_1_85' title='bbox 942 2001 1000 2044; x_wconf 89' lang='lat' dir='ltr'><strong>nos</strong></span> <span class='ocrx_word' id='word_1_86' title='bbox 1030 1981 1213 2048; x_wconf 88' lang='lat' dir='ltr'><strong>habeamus</strong></span> <span class='ocrx_word' id='word_1_87' title='bbox 1236 1985 1283 2049; x_wconf 90' lang='lat' dir='ltr'><strong>fa-</strong></span> 
     </span>
     <span class='ocr_line' id='line_1_12' title="bbox 146 2090 1282 2174; baseline 0.005 -18"><span class='ocrx_word' id='word_1_88' title='bbox 146 2092 257 2156; x_wconf 91' lang='lat' dir='ltr'><strong>bulam</strong></span> <span class='ocrx_word' id='word_1_89' title='bbox 286 2091 405 2174; x_wconf 88' lang='lat' dir='ltr'><strong>prioris</strong></span> <span class='ocrx_word' id='word_1_90' title='bbox 435 2090 603 2155; x_wconf 89' lang='lat' dir='ltr'><strong>cuiusdam</strong></span> <span class='ocrx_word' id='word_1_91' title='bbox 633 2092 818 2156; x_wconf 87' lang='lat' dir='ltr'><strong>comoediae</strong></span> <span class='ocrx_word' id='word_1_92' title='bbox 847 2094 1043 2174; x_wconf 84' lang='lat' dir='ltr'><strong>cognominis</strong></span> <span class='ocrx_word' id='word_1_93' title='bbox 1071 2098 1282 2161; x_wconf 87' lang='lat' dir='ltr'><strong>retractatio·</strong></span> 
     </span>
     <span class='ocr_line' id='line_1_13' title="bbox 147 2202 1282 2288; baseline 0.004 -20"><span class='ocrx_word' id='word_1_94' title='bbox 147 2226 221 2270; x_wconf 90' lang='lat' dir='ltr'><strong>nem</strong></span> <span class='ocrx_word' id='word_1_95' title='bbox 241 2225 320 2282; x_wconf 87' lang='lat' dir='ltr'><strong>esse,</strong></span> <span class='ocrx_word' id='word_1_96' title='bbox 343 2202 400 2267; x_wconf 90' lang='lat' dir='ltr'><strong>sed</strong></span> <span class='ocrx_word' id='word_1_97' title='bbox 421 2223 535 2284; x_wconf 82' lang='lat' dir='ltr'><strong>graves</strong></span> <span class='ocrx_word' id='word_1_98' title='bbox 552 2209 584 2267; x_wconf 89' lang='lat' dir='ltr'><strong>et</strong></span> <span class='ocrx_word' id='word_1_99' title='bbox 607 2204 686 2267; x_wconf 88' lang='lat' dir='ltr'><strong>satis</strong></span> <span class='ocrx_word' id='word_1_100' title='bbox 702 2225 820 2286; x_wconf 82' lang='lat' dir='ltr'><strong>pravas</strong></span> <span class='ocrx_word' id='word_1_101' title='bbox 842 2205 1037 2268; x_wconf 88' lang='lat' dir='ltr'><strong>mutationes</strong></span> <span class='ocrx_word' id='word_1_102' title='bbox 1052 2227 1186 2288; x_wconf 88' lang='lat' dir='ltr'><strong>passam</strong></span> <span class='ocrx_word' id='word_1_103' title='bbox 1210 2230 1282 2273; x_wconf 88' lang='lat' dir='ltr'><strong>cen-</strong></span> 
     </span>
     <span class='ocr_line' id='line_1_14' title="bbox 102 2315 1282 2402; baseline 0.003 -20"><span class='ocrx_word' id='word_1_104' title='bbox 102 2317 105 2324; x_wconf 79' lang='lat'>&#39;</span> <span class='ocrx_word' id='word_1_105' title='bbox 147 2319 228 2397; x_wconf 80' lang='lat' dir='ltr'><strong>suit3</strong></span> <span class='ocrx_word' id='word_1_106' title='bbox 250 2317 298 2380; x_wconf 91' lang='lat' dir='ltr'><strong>ita</strong></span> <span class='ocrx_word' id='word_1_107' title='bbox 321 2316 405 2379; x_wconf 89' lang='lat' dir='ltr'><strong>enim</strong></span> <span class='ocrx_word' id='word_1_108' title='bbox 425 2321 556 2381; x_wconf 86' lang='lat' dir='ltr'><strong>nostrae</strong></span> <span class='ocrx_word' id='word_1_109' title='bbox 575 2315 669 2379; x_wconf 85' lang='lat' dir='ltr'><strong>Pacis</strong></span> <span class='ocrx_word' id='word_1_110' title='bbox 690 2317 974 2381; x_wconf 82' lang='lat' dir='ltr'><strong>inconcinnitatem</strong></span> <span class='ocrx_word' id='word_1_111' title='bbox 996 2316 1092 2381; x_wconf 85' lang='lat' dir='ltr'><strong>facile</strong></span> <span class='ocrx_word' id='word_1_112' title='bbox 1113 2320 1282 2402; x_wconf 84' lang='lat' dir='ltr'><strong>explicari.</strong></span> 
     </span>
     <span class='ocr_line' id='line_1_15' title="bbox 147 2428 1281 2513; baseline 0.004 -19"><span class='ocrx_word' id='word_1_113' title='bbox 147 2432 251 2510; x_wconf 83' lang='lat' dir='ltr'><strong>Quam</strong></span> <span class='ocrx_word' id='word_1_114' title='bbox 271 2429 327 2493; x_wconf 91' lang='lat' dir='ltr'><strong>alii</strong></span> <span class='ocrx_word' id='word_1_115' title='bbox 344 2428 448 2493; x_wconf 87' lang='lat' dir='ltr'><strong>secuti</strong></span> <span class='ocrx_word' id='word_1_116' title='bbox 471 2429 664 2493; x_wconf 89' lang='lat' dir='ltr'><strong>sententiam</strong></span> <span class='ocrx_word' id='word_1_117' title='bbox 685 2428 774 2492; x_wconf 91' lang='lat' dir='ltr'><strong>locos</strong></span> <span class='ocrx_word' id='word_1_118' title='bbox 798 2429 883 2493; x_wconf 91' lang='lat' dir='ltr'><strong>inter</strong></span> <span class='ocrx_word' id='word_1_119' title='bbox 906 2450 1025 2493; x_wconf 90' lang='lat' dir='ltr'><strong>senon</strong></span> <span class='ocrx_word' id='word_1_120' title='bbox 1054 2440 1281 2513; x_wconf 79' lang='lat' dir='ltr'><strong>congruentes,</strong></span> 
     </span>
     <span class='ocr_line' id='line_1_16' title="bbox 146 2532 1282 2619; baseline 0.004 -13"><span class='ocrx_word' id='word_1_121' title='bbox 146 2541 357 2606; x_wconf 85' lang='lat' dir='ltr'><strong>difficultates</strong></span> <span class='ocrx_word' id='word_1_122' title='bbox 382 2541 557 2619; x_wconf 87' lang='lat' dir='ltr'><strong>scaenicas,</strong></span> <span class='ocrx_word' id='word_1_123' title='bbox 580 2561 633 2604; x_wconf 90' lang='lat' dir='ltr'><strong>res</strong></span> <span class='ocrx_word' id='word_1_124' title='bbox 656 2532 879 2605; x_wconf 69' lang='lat' dir='ltr'><strong>a&#39;ceterarum</strong></span> <span class='ocrx_word' id='word_1_125' title='bbox 902 2542 1143 2606; x_wconf 84' lang='lat' dir='ltr'><strong>comoediarum</strong></span> <span class='ocrx_word' id='word_1_126' title='bbox 1171 2545 1282 2610; x_wconf 89' lang='lat' dir='ltr'><strong>indole</strong></span> 
     </span>
     <span class='ocr_line' id='line_1_17' title="bbox 147 2653 1282 2737; baseline 0.002 -18"><span class='ocrx_word' id='word_1_127' title='bbox 147 2653 349 2732; x_wconf 88' lang='lat' dir='ltr'><strong>differentes,</strong></span> <span class='ocrx_word' id='word_1_128' title='bbox 382 2673 466 2735; x_wconf 93' lang='lat' dir='ltr'><strong>quae</strong></span> <span class='ocrx_word' id='word_1_129' title='bbox 497 2653 604 2716; x_wconf 88' lang='lat' dir='ltr'><strong>omnia</strong></span> <span class='ocrx_word' id='word_1_130' title='bbox 627 2658 734 2716; x_wconf 88' lang='lat' dir='ltr'><strong>essent</strong></span> <span class='ocrx_word' id='word_1_131' title='bbox 762 2654 1024 2717; x_wconf 88' lang='lat' dir='ltr'><strong>rectractationis</strong></span> <span class='ocrx_word' id='word_1_132' title='bbox 1047 2655 1203 2737; x_wconf 81' lang='lat' dir='ltr'><strong>vestigia,</strong></span> <span class='ocrx_word' id='word_1_133' title='bbox 1228 2657 1282 2722; x_wconf 88' lang='lat' dir='ltr'><strong>de·</strong></span> 
     </span>
     <span class='ocr_line' id='line_1_18' title="bbox 146 2764 1282 2844; baseline 0.002 -12"><span class='ocrx_word' id='word_1_134' title='bbox 146 2771 300 2832; x_wconf 87' lang='lat' dir='ltr'><strong>texerunt</strong></span> <span class='ocrx_word' id='word_1_135' title='bbox 323 2769 381 2830; x_wconf 89' lang='lat' dir='ltr'><strong>aut</strong></span> <span class='ocrx_word' id='word_1_136' title='bbox 401 2765 562 2830; x_wconf 85' lang='lat' dir='ltr'><strong>detexisse</strong></span> <span class='ocrx_word' id='word_1_137' title='bbox 585 2764 649 2828; x_wconf 88' lang='lat' dir='ltr'><strong>sibi</strong></span> <span class='ocrx_word' id='word_1_138' title='bbox 670 2765 731 2828; x_wconf 86' lang='lat' dir='ltr'><strong>visi</strong></span> <span class='ocrx_word' id='word_1_139' title='bbox 753 2770 835 2829; x_wconf 90' lang='lat' dir='ltr'><strong>sunt.</strong></span> <span class='ocrx_word' id='word_1_140' title='bbox 881 2767 970 2844; x_wconf 81' lang='lat' dir='ltr'><strong>Quae</strong></span> <span class='ocrx_word' id='word_1_141' title='bbox 994 2787 1068 2829; x_wconf 90' lang='lat' dir='ltr'><strong>cum</strong></span> <span class='ocrx_word' id='word_1_142' title='bbox 1084 2766 1195 2832; x_wconf 91' lang='lat' dir='ltr'><strong>adhuc</strong></span> <span class='ocrx_word' id='word_1_143' title='bbox 1218 2791 1282 2833; x_wconf 93' lang='lat' dir='ltr'><strong>non</strong></span> 
     </span>
    </p>
   </div>
   <div class='ocr_carea' id='block_1_5' title="bbox 144 2945 351 2956">
    <p class='ocr_par' dir='ltr' id='par_1_5' title="bbox 144 2945 351 2956">
     <span class='ocr_line' id='line_1_19' title="bbox 144 2945 351 2956; baseline -0.019 -1"><span class='ocrx_word' id='word_1_144' title='bbox 144 2945 351 2956; x_wconf 71' lang='lat'>———-—</span> 
     </span>
    </p>
   </div>
   <div class='ocr_carea' id='block_1_6' title="bbox 145 3050 1285 4242">
    <p class='ocr_par' dir='ltr' id='par_1_6' title="bbox 145 3050 1285 4242">
     <span class='ocr_line' id='line_1_20' title="bbox 146 3050 1283 3126; baseline 0.001 -17"><span class='ocrx_word' id='word_1_145' title='bbox 146 3052 285 3126; x_wconf 79' lang='grc' dir='ltr'><strong><em>ἐνέβαλον.</em></strong></span> <span class='ocrx_word' id='word_1_146' title='bbox 322 3051 411 3121; x_wconf 77' lang='lat' dir='ltr'><strong>Quam</strong></span> <span class='ocrx_word' id='word_1_147' title='bbox 438 3052 623 3121; x_wconf 89' lang='lat' dir='ltr'><strong>irruptionem</strong></span> <span class='ocrx_word' id='word_1_148' title='bbox 650 3067 712 3103; x_wconf 87' lang='lat' dir='ltr'><strong>cum</strong></span> <span class='ocrx_word' id='word_1_149' title='bbox 738 3068 794 3103; x_wconf 89' lang='lat' dir='ltr'><strong>non</strong></span> <span class='ocrx_word' id='word_1_150' title='bbox 819 3051 907 3104; x_wconf 90' lang='lat' dir='ltr'><strong>multo</strong></span> <span class='ocrx_word' id='word_1_151' title='bbox 935 3054 1000 3104; x_wconf 87' lang='lat' dir='ltr'><strong>ante</strong></span> <span class='ocrx_word' id='word_1_152' title='bbox 1024 3050 1145 3105; x_wconf 89' lang='lat' dir='ltr'><strong>tabulam</strong></span> <span class='ocrx_word' id='word_1_153' title='bbox 1164 3070 1283 3109; x_wconf 89' lang='lat' dir='ltr'><strong>scaenae</strong></span> 
     </span>
     <span class='ocr_line' id='line_1_21' title="bbox 147 3135 1284 3206; baseline 0.001 -12"><span class='ocrx_word' id='word_1_154' title='bbox 147 3141 321 3195; x_wconf 86' lang='lat' dir='ltr'><strong>commissam</strong></span> <span class='ocrx_word' id='word_1_155' title='bbox 344 3139 428 3192; x_wconf 88' lang='lat' dir='ltr'><strong>fuisse</strong></span> <span class='ocrx_word' id='word_1_156' title='bbox 456 3141 600 3206; x_wconf 88' lang='lat' dir='ltr'><strong>oporteat,</strong></span> <span class='ocrx_word' id='word_1_157' title='bbox 627 3137 662 3190; x_wconf 87' lang='lat' dir='ltr'><strong>de</strong></span> <span class='ocrx_word' id='word_1_158' title='bbox 687 3135 847 3189; x_wconf 88' lang='lat' dir='ltr'><strong>comoediae</strong></span> <span class='ocrx_word' id='word_1_159' title='bbox 871 3140 996 3205; x_wconf 90' lang='lat' dir='ltr'><strong>tempore</strong></span> <span class='ocrx_word' id='word_1_160' title='bbox 1013 3136 1118 3204; x_wconf 86' lang='lat' dir='ltr'><strong>aliquid</strong></span> <span class='ocrx_word' id='word_1_161' title='bbox 1138 3141 1211 3193; x_wconf 88' lang='lat' dir='ltr'><strong>certi</strong></span> <span class='ocrx_word' id='word_1_162' title='bbox 1231 3146 1284 3195; x_wconf 89' lang='lat' dir='ltr'><strong>sta-</strong></span> 
     </span>
     <span class='ocr_line' id='line_1_22' title="bbox 145 3221 1284 3296; baseline 0.001 -16"><span class='ocrx_word' id='word_1_163' title='bbox 145 3232 224 3281; x_wconf 85' lang='lat' dir='ltr'><strong>tuere</strong></span> <span class='ocrx_word' id='word_1_164' title='bbox 243 3243 394 3296; x_wconf 83' lang='lat' dir='ltr'><strong>possemus,</strong></span> <span class='ocrx_word' id='word_1_165' title='bbox 414 3225 436 3278; x_wconf 87' lang='lat' dir='ltr'><strong>si</strong></span> <span class='ocrx_word' id='word_1_166' title='bbox 454 3225 489 3277; x_wconf 88' lang='lat' dir='ltr'><strong>de</strong></span> <span class='ocrx_word' id='word_1_167' title='bbox 506 3223 668 3291; x_wconf 88' lang='lat' dir='ltr'><strong>irruptionis</strong></span> <span class='ocrx_word' id='word_1_168' title='bbox 686 3226 812 3289; x_wconf 90' lang='lat' dir='ltr'><strong>tempore</strong></span> <span class='ocrx_word' id='word_1_169' title='bbox 831 3225 979 3274; x_wconf 86' lang='lat' dir='ltr'><strong>constaret.</strong></span> <span class='ocrx_word' id='word_1_170' title='bbox 1015 3221 1085 3274; x_wconf 83' lang='lat' dir='ltr'><strong>Oum</strong></span> <span class='ocrx_word' id='word_1_171' title='bbox 1105 3228 1201 3278; x_wconf 89' lang='lat' dir='ltr'><strong>autem</strong></span> <span class='ocrx_word' id='word_1_172' title='bbox 1220 3227 1284 3281; x_wconf 84' lang='lat' dir='ltr'><strong>Ora-</strong></span> 
     </span>
     <span class='ocr_line' id='line_1_23' title="bbox 145 3306 1285 3380; baseline 0 -14"><span class='ocrx_word' id='word_1_173' title='bbox 145 3315 220 3367; x_wconf 91' lang='lat' dir='ltr'><strong>tinus</strong></span> <span class='ocrx_word' id='word_1_174' title='bbox 237 3312 378 3380; x_wconf 89' lang='lat' dir='ltr'><strong>Dionysiis</strong></span> <span class='ocrx_word' id='word_1_175' title='bbox 398 3330 420 3364; x_wconf 90' lang='lat' dir='ltr'><strong>a.</strong></span> <span class='ocrx_word' id='word_1_176' title='bbox 439 3313 491 3364; x_wconf 79' lang='lat'><strong>423</strong></span> <span class='ocrx_word' id='word_1_177' title='bbox 509 3308 638 3378; x_wconf 89' lang='lat' dir='ltr'><strong>Pytinam</strong></span> <span class='ocrx_word' id='word_1_178' title='bbox 655 3326 732 3361; x_wconf 88' lang='lat' dir='ltr'><strong>suam</strong></span> <span class='ocrx_word' id='word_1_179' title='bbox 758 3306 899 3375; x_wconf 80' lang='lat' dir='ltr'><strong>docuerit,</strong></span> <span class='ocrx_word' id='word_1_180' title='bbox 924 3326 956 3360; x_wconf 89' lang='lat' dir='ltr'><strong>ea</strong></span> <span class='ocrx_word' id='word_1_181' title='bbox 980 3312 1072 3361; x_wconf 90' lang='lat' dir='ltr'><strong>autem</strong></span> <span class='ocrx_word' id='word_1_182' title='bbox 1089 3308 1228 3380; x_wconf 87' lang='lat' dir='ltr'><strong>Dionysia</strong></span> <span class='ocrx_word' id='word_1_183' title='bbox 1245 3315 1285 3366; x_wconf 92' lang='lat' dir='ltr'><strong>in·</strong></span> 
     </span>
     <span class='ocr_line' id='line_1_24' title="bbox 146 3393 1285 3465; baseline -0.001 -12"><span class='ocrx_word' id='word_1_184' title='bbox 146 3400 240 3453; x_wconf 86' lang='lat' dir='ltr'><strong>dutiae</strong></span> <span class='ocrx_word' id='word_1_185' title='bbox 258 3399 338 3451; x_wconf 91' lang='lat' dir='ltr'><strong>unius</strong></span> <span class='ocrx_word' id='word_1_186' title='bbox 357 3398 421 3450; x_wconf 89' lang='lat' dir='ltr'><strong>anni</strong></span> <span class='ocrx_word' id='word_1_187' title='bbox 440 3396 603 3465; x_wconf 86' lang='lat' dir='ltr'><strong>exceperint</strong></span> <span class='ocrx_word' id='word_1_188' title='bbox 620 3394 717 3462; x_wconf 82' lang='lat' dir='ltr'><strong>(Thuc.</strong></span> <span class='ocrx_word' id='word_1_189' title='bbox 742 3393 787 3447; x_wconf 85' lang='lat' dir='ltr'><strong>IV</strong></span> <span class='ocrx_word' id='word_1_190' title='bbox 804 3397 860 3461; x_wconf 83' lang='grc'>118,</span> <span class='ocrx_word' id='word_1_191' title='bbox 881 3396 932 3462; x_wconf 90' lang='grc'>12),</span> <span class='ocrx_word' id='word_1_192' title='bbox 951 3393 986 3447; x_wconf 87' lang='lat' dir='ltr'><strong>ad</strong></span> <span class='ocrx_word' id='word_1_193' title='bbox 1001 3396 1122 3463; x_wconf 89' lang='lat' dir='ltr'><strong>spatium</strong></span> <span class='ocrx_word' id='word_1_194' title='bbox 1138 3397 1217 3451; x_wconf 86' lang='lat' dir='ltr'><strong>inter</strong></span> <span class='ocrx_word' id='word_1_195' title='bbox 1236 3418 1285 3454; x_wconf 88' lang='lat' dir='ltr'><strong>ver</strong></span> 
     </span>
     <span class='ocr_line' id='line_1_25' title="bbox 146 3480 1284 3552; baseline -0.001 -12"><span class='ocrx_word' id='word_1_196' title='bbox 146 3487 210 3540; x_wconf 88' lang='lat' dir='ltr'><strong>anni</strong></span> <span class='ocrx_word' id='word_1_197' title='bbox 227 3487 277 3539; x_wconf 87' lang='grc'><strong>422</strong></span> <span class='ocrx_word' id='word_1_198' title='bbox 303 3490 331 3538; x_wconf 86' lang='lat' dir='ltr'><strong>et</strong></span> <span class='ocrx_word' id='word_1_199' title='bbox 355 3483 490 3552; x_wconf 89' lang='lat' dir='ltr'><strong>Dionysia</strong></span> <span class='ocrx_word' id='word_1_200' title='bbox 507 3484 556 3535; x_wconf 85' lang='grc'><strong>421</strong></span> <span class='ocrx_word' id='word_1_201' title='bbox 576 3486 721 3550; x_wconf 87' lang='lat' dir='ltr'><strong>peractum</strong></span> <span class='ocrx_word' id='word_1_202' title='bbox 745 3480 861 3533; x_wconf 86' lang='lat' dir='ltr'><strong>fortasse</strong></span> <span class='ocrx_word' id='word_1_203' title='bbox 887 3481 1022 3549; x_wconf 86' lang='lat' dir='ltr'><strong>quispiam</strong></span> <span class='ocrx_word' id='word_1_204' title='bbox 1047 3499 1108 3533; x_wconf 91' lang='lat' dir='ltr'><strong>eam</strong></span> <span class='ocrx_word' id='word_1_205' title='bbox 1133 3486 1284 3539; x_wconf 86' lang='lat' dir='ltr'><strong>rettulerit.</strong></span> 
     </span>
     <span class='ocr_line' id='line_1_26' title="bbox 147 3567 1284 3640; baseline -0.001 -14"><span class='ocrx_word' id='word_1_206' title='bbox 147 3572 203 3626; x_wconf 88' lang='lat' dir='ltr'><strong>Sed</strong></span> <span class='ocrx_word' id='word_1_207' title='bbox 221 3571 397 3640; x_wconf 82' lang='lat' dir='ltr'><strong>Thucydides</strong></span> <span class='ocrx_word' id='word_1_208' title='bbox 423 3578 488 3638; x_wconf 89' lang='lat' dir='ltr'><strong>post</strong></span> <span class='ocrx_word' id='word_1_209' title='bbox 512 3569 637 3636; x_wconf 89' lang='lat' dir='ltr'><strong>quintam</strong></span> <span class='ocrx_word' id='word_1_210' title='bbox 661 3568 690 3619; x_wconf 91' lang='lat' dir='ltr'><strong>in</strong></span> <span class='ocrx_word' id='word_1_211' title='bbox 716 3567 841 3619; x_wconf 86' lang='lat' dir='ltr'><strong>Atticam</strong></span> <span class='ocrx_word' id='word_1_212' title='bbox 866 3568 1049 3636; x_wconf 89' lang='lat' dir='ltr'><strong>irruptionem</strong></span> <span class='ocrx_word' id='word_1_213' title='bbox 1067 3587 1090 3621; x_wconf 89' lang='lat' dir='ltr'><strong>a.</strong></span> <span class='ocrx_word' id='word_1_214' title='bbox 1109 3571 1161 3623; x_wconf 84' lang='grc'><strong>425</strong></span> <span class='ocrx_word' id='word_1_215' title='bbox 1180 3571 1284 3625; x_wconf 85' lang='lat' dir='ltr'><strong>factam</strong></span> 
     </span>
     <span class='ocr_line' id='line_1_27' title="bbox 146 3653 1285 3727; baseline 0.001 -16"><span class='ocrx_word' id='word_1_216' title='bbox 146 3675 233 3726; x_wconf 89' lang='lat' dir='ltr'><strong>usqne</strong></span> <span class='ocrx_word' id='word_1_217' title='bbox 257 3657 292 3709; x_wconf 86' lang='lat' dir='ltr'><strong>ad</strong></span> <span class='ocrx_word' id='word_1_218' title='bbox 309 3655 406 3709; x_wconf 83' lang='lat' dir='ltr'><strong>Niciae</strong></span> <span class='ocrx_word' id='word_1_219' title='bbox 423 3672 522 3724; x_wconf 87' lang='lat' dir='ltr'><strong>pacem</strong></span> <span class='ocrx_word' id='word_1_220' title='bbox 540 3655 642 3706; x_wconf 84' lang='lat' dir='ltr'><strong>nullam</strong></span> <span class='ocrx_word' id='word_1_221' title='bbox 659 3653 759 3720; x_wconf 75' lang='lat' dir='ltr'><strong>tradit,</strong></span> <span class='ocrx_word' id='word_1_222' title='bbox 785 3658 814 3706; x_wconf 86' lang='lat' dir='ltr'><strong>et</strong></span> <span class='ocrx_word' id='word_1_223' title='bbox 837 3671 950 3707; x_wconf 86' lang='lat' dir='ltr'><strong>revera</strong></span> <span class='ocrx_word' id='word_1_224' title='bbox 968 3655 1070 3706; x_wconf 88' lang='lat' dir='ltr'><strong>nullam</strong></span> <span class='ocrx_word' id='word_1_225' title='bbox 1088 3655 1181 3724; x_wconf 86' lang='lat' dir='ltr'><strong>fuisse,</strong></span> <span class='ocrx_word' id='word_1_226' title='bbox 1210 3660 1285 3727; x_wconf 89' lang='lat' dir='ltr'><strong>quod</strong></span> 
     </span>
     <span class='ocr_line' id='line_1_28' title="bbox 147 3738 1285 3808; baseline 0.001 -10"><span class='ocrx_word' id='word_1_227' title='bbox 147 3744 258 3798; x_wconf 88' lang='lat' dir='ltr'><strong>obsides</strong></span> <span class='ocrx_word' id='word_1_228' title='bbox 285 3745 319 3796; x_wconf 89' lang='lat' dir='ltr'><strong>ab</strong></span> <span class='ocrx_word' id='word_1_229' title='bbox 337 3742 569 3796; x_wconf 88' lang='lat' dir='ltr'><strong>Atheniensibus.</strong></span> <span class='ocrx_word' id='word_1_230' title='bbox 584 3740 658 3808; x_wconf 86' lang='lat' dir='ltr'><strong>capti</strong></span> <span class='ocrx_word' id='word_1_231' title='bbox 680 3739 898 3807; x_wconf 86' lang='lat' dir='ltr'><strong>impediverunt,</strong></span> <span class='ocrx_word' id='word_1_232' title='bbox 924 3738 1010 3791; x_wconf 80' lang='lat' dir='ltr'><strong>Thuc.</strong></span> <span class='ocrx_word' id='word_1_233' title='bbox 1028 3739 1073 3793; x_wconf 88' lang='lat' dir='ltr'><strong>IV</strong></span> <span class='ocrx_word' id='word_1_234' title='bbox 1090 3744 1133 3808; x_wconf 82' lang='lat'><strong>41,</strong></span> <span class='ocrx_word' id='word_1_235' title='bbox 1156 3746 1170 3794; x_wconf 95' lang='grc'>1</span> <span class='ocrx_word' id='word_1_236' title='bbox 1192 3750 1285 3798; x_wconf 88' lang='lat' dir='ltr'><strong>osten-</strong></span> 
     </span>
     <span class='ocr_line' id='line_1_29' title="bbox 147 3820 1285 3896; baseline -0.001 -13"><span class='ocrx_word' id='word_1_237' title='bbox 147 3831 204 3883; x_wconf 82' lang='lat' dir='ltr'><strong>dit:</strong></span> <span class='ocrx_word' id='word_1_238' title='bbox 236 3825 437 3895; x_wconf 74' lang='grc' dir='ltr'><strong><em>Κομισθέντων</em></strong></span> <span class='ocrx_word' id='word_1_239' title='bbox 458 3824 488 3880; x_wconf 73' lang='grc' dir='ltr'><strong>δὲ</strong></span> <span class='ocrx_word' id='word_1_240' title='bbox 506 3828 561 3878; x_wconf 80' lang='grc' dir='ltr'><strong>τῶν</strong></span> <span class='ocrx_word' id='word_1_241' title='bbox 580 3821 690 3891; x_wconf 74' lang='grc' dir='ltr'><strong><em>ἀνδρῶν</em></strong></span> <span class='ocrx_word' id='word_1_242' title='bbox 716 3825 742 3877; x_wconf 78' lang='lat' dir='ltr'><strong>oi</strong></span> <span class='ocrx_word' id='word_1_243' title='bbox 760 3820 900 3891; x_wconf 72' lang='lat' dir='ltr'><strong>⁷Attnuccioo</strong></span> <span class='ocrx_word' id='word_1_244' title='bbox 918 3821 1086 3893; x_wconf 75' lang='grc' dir='ltr'><strong><em>ἐβούλευσαν</em></strong></span> <span class='ocrx_word' id='word_1_245' title='bbox 1104 3828 1218 3893; x_wconf 79' lang='grc' dir='ltr'><strong><em>δεσμοῖς</em></strong></span> <span class='ocrx_word' id='word_1_246' title='bbox 1236 3828 1285 3896; x_wconf 74' lang='grc' dir='ltr'><strong>μὲν</strong></span> 
     </span>
     <span class='ocr_line' id='line_1_30' title="bbox 148 3904 1282 3983; baseline 0.001 -15"><span class='ocrx_word' id='word_1_247' title='bbox 148 3910 252 3976; x_wconf 65' lang='lat' dir='ltr'><strong>crisonis</strong></span> <span class='ocrx_word' id='word_1_248' title='bbox 271 3911 419 3981; x_wconf 79' lang='grc' dir='ltr'><strong><em>φυλάσσειν</em></strong></span> <span class='ocrx_word' id='word_1_249' title='bbox 436 3912 514 3981; x_wconf 82' lang='grc' dir='ltr'><strong><em>μέχρι</em></strong></span> <span class='ocrx_word' id='word_1_250' title='bbox 541 3905 573 3964; x_wconf 82' lang='grc' dir='ltr'><strong>οὗ</strong></span> <span class='ocrx_word' id='word_1_251' title='bbox 598 3932 624 3963; x_wconf 82' lang='grc' dir='ltr'><strong>τι</strong></span> <span class='ocrx_word' id='word_1_252' title='bbox 642 3912 794 3979; x_wconf 81' lang='grc' dir='ltr'><strong><em>ξνμβῶσιν·</em></strong></span> <span class='ocrx_word' id='word_1_253' title='bbox 823 3906 858 3977; x_wconf 77' lang='grc' dir='ltr'><strong>ἢν</strong></span> <span class='ocrx_word' id='word_1_254' title='bbox 877 3904 900 3962; x_wconf 85' lang='grc' dir='ltr'><strong>δ’</strong></span> <span class='ocrx_word' id='word_1_255' title='bbox 929 3910 955 3961; x_wconf 79' lang='lat' dir='ltr'><strong>oi</strong></span> <span class='ocrx_word' id='word_1_256' title='bbox 982 3910 1204 3980; x_wconf 75' lang='grc' dir='ltr'><strong><em>Πελοποννήσιοι</em></strong></span> <span class='ocrx_word' id='word_1_257' title='bbox 1230 3912 1282 3983; x_wconf 73' lang='grc' dir='ltr'><strong>πρὸ</strong></span> 
     </span>
     <span class='ocr_line' id='line_1_31' title="bbox 147 3991 1284 4068; baseline -0.001 -12"><span class='ocrx_word' id='word_1_258' title='bbox 147 4000 249 4056; x_wconf 81' lang='grc' dir='ltr'><strong>τούτου</strong></span> <span class='ocrx_word' id='word_1_259' title='bbox 268 3998 296 4060; x_wconf 78' lang='grc' dir='ltr'><strong>ἐς</strong></span> <span class='ocrx_word' id='word_1_260' title='bbox 314 3996 364 4067; x_wconf 79' lang='grc' dir='ltr'><strong>τήν</strong></span> <span class='ocrx_word' id='word_1_261' title='bbox 382 4001 433 4067; x_wconf 76' lang='grc' dir='ltr'><strong>γῆν</strong></span> <span class='ocrx_word' id='word_1_262' title='bbox 452 3995 633 4068; x_wconf 68' lang='lat' dir='ltr'><strong>induitionem,</strong></span> <span class='ocrx_word' id='word_1_263' title='bbox 659 3993 838 4064; x_wconf 74' lang='grc' dir='ltr'><strong>ἐξαγαγόντες</strong></span> <span class='ocrx_word' id='word_1_264' title='bbox 864 3991 1033 4048; x_wconf 75' lang='grc' dir='ltr'><strong>ἀποκτεῖναι.</strong></span> <span class='ocrx_word' id='word_1_265' title='bbox 1068 3996 1125 4050; x_wconf 85' lang='lat' dir='ltr'><strong>Res</strong></span> <span class='ocrx_word' id='word_1_266' title='bbox 1142 4000 1232 4068; x_wconf 86' lang='lat' dir='ltr'><strong>igitur</strong></span> <span class='ocrx_word' id='word_1_267' title='bbox 1250 4005 1284 4055; x_wconf 90' lang='lat' dir='ltr'><strong>ab</strong></span> 
     </span>
     <span class='ocr_line' id='line_1_32' title="bbox 146 4081 1285 4157; baseline -0.002 -15"><span class='ocrx_word' id='word_1_268' title='bbox 146 4088 342 4157; x_wconf 83' lang='lat' dir='ltr'><strong>Aristophane,</strong></span> <span class='ocrx_word' id='word_1_269' title='bbox 362 4091 394 4138; x_wconf 90' lang='lat' dir='ltr'><strong>ut</strong></span> <span class='ocrx_word' id='word_1_270' title='bbox 411 4087 526 4139; x_wconf 87' lang='lat' dir='ltr'><strong>ridicule</strong></span> <span class='ocrx_word' id='word_1_271' title='bbox 546 4086 689 4138; x_wconf 79' lang='lat' dir='ltr'><strong>Cratinum</strong></span> <span class='ocrx_word' id='word_1_272' title='bbox 705 4084 920 4152; x_wconf 86' lang='lat' dir='ltr'><strong>perstringeret,</strong></span> <span class='ocrx_word' id='word_1_273' title='bbox 938 4081 1004 4134; x_wconf 88' lang='lat' dir='ltr'><strong>ficta</strong></span> <span class='ocrx_word' id='word_1_274' title='bbox 1022 4087 1072 4148; x_wconf 91' lang='lat' dir='ltr'><strong>ost,</strong></span> <span class='ocrx_word' id='word_1_275' title='bbox 1091 4084 1149 4136; x_wconf 86' lang='lat' dir='ltr'><strong>sive</strong></span> <span class='ocrx_word' id='word_1_276' title='bbox 1167 4104 1198 4138; x_wconf 90' lang='lat' dir='ltr'><strong>re</strong></span> <span class='ocrx_word' id='word_1_277' title='bbox 1219 4105 1285 4140; x_wconf 83' lang='lat' dir='ltr'><strong>vera</strong></span> 
     </span>
     <span class='ocr_line' id='line_1_33' title="bbox 146 4166 1284 4242; baseline -0.002 -15"><span class='ocrx_word' id='word_1_278' title='bbox 146 4180 272 4229; x_wconf 86' lang='lat' dir='ltr'><strong>mortuus</strong></span> <span class='ocrx_word' id='word_1_279' title='bbox 292 4177 351 4225; x_wconf 86' lang='lat' dir='ltr'><strong>erat</strong></span> <span class='ocrx_word' id='word_1_280' title='bbox 371 4172 506 4239; x_wconf 80' lang='lat' dir='ltr'><strong>Cratinus,</strong></span> <span class='ocrx_word' id='word_1_281' title='bbox 527 4173 583 4223; x_wconf 88' lang='lat' dir='ltr'><strong>sivo</strong></span> <span class='ocrx_word' id='word_1_282' title='bbox 602 4174 749 4238; x_wconf 86' lang='lat' dir='ltr'><strong>superstes.</strong></span> <span class='ocrx_word' id='word_1_283' title='bbox 786 4167 900 4234; x_wconf 83' lang='lat' dir='ltr'><strong>(Videas</strong></span> <span class='ocrx_word' id='word_1_284' title='bbox 919 4184 988 4234; x_wconf 87' lang='lat' dir='ltr'><strong>quae</strong></span> <span class='ocrx_word' id='word_1_285' title='bbox 1003 4166 1179 4223; x_wconf 85' lang='lat' dir='ltr'><strong>Zielinski</strong></span> <span class='ocrx_word' id='word_1_286' title='bbox 1199 4189 1284 4242; x_wconf 89' lang='lat' dir='ltr'><strong>expo·</strong></span> 
     </span>
    </p>
   </div>
   <div class='ocr_carea' id='block_1_7' title="bbox 147 4254 848 4329">
    <p class='ocr_par' dir='ltr' id='par_1_7' title="bbox 147 4254 848 4329">
     <span class='ocr_line' id='line_1_34' title="bbox 147 4254 848 4329; baseline -0.011 -16"><span class='ocrx_word' id='word_1_287' title='bbox 147 4263 202 4315; x_wconf 90' lang='lat' dir='ltr'><strong>suit</strong></span> <span class='ocrx_word' id='word_1_288' title='bbox 222 4260 329 4329; x_wconf 81' lang='lat' dir='ltr'><strong>,Rheinn</strong></span> <span class='ocrx_word' id='word_1_289' title='bbox 349 4257 429 4311; x_wconf 82' lang='lat' dir='ltr'><strong>Mus&#39;</strong></span> <span class='ocrx_word' id='word_1_290' title='bbox 446 4259 499 4310; x_wconf 87' lang='lat' dir='ltr'><strong>vol.</strong></span> <span class='ocrx_word' id='word_1_291' title='bbox 517 4254 646 4310; x_wconf 85' lang='lat' dir='ltr'>XXXIX</span> <span class='ocrx_word' id='word_1_292' title='bbox 665 4274 692 4324; x_wconf 88' lang='lat' dir='ltr'><strong>p.</strong></span> <span class='ocrx_word' id='word_1_293' title='bbox 711 4258 760 4306; x_wconf 86' lang='grc'>301</span> <span class='ocrx_word' id='word_1_294' title='bbox 770 4255 848 4322; x_wconf 64' lang='lat' dir='ltr'><strong>sqq).</strong></span> 
     </span>
    </p>
   </div>
   <div class='ocr_carea' id='block_1_8' title="bbox 0 0 1442 5092">
    <p class='ocr_par' dir='ltr' id='par_1_8' title="bbox 0 0 1442 5092">
     <span class='ocr_line' id='line_1_35' title="bbox 0 0 1442 5092; baseline 0 0"><span class='ocrx_word' id='word_1_295' title='bbox 0 0 1442 5092; x_wconf 95' lang='lat' dir='ltr'><strong> </strong></span> 
     </span>
    </p>
   </div>
  </div>
 </body>
</html>
