2872 5092
612 446 828 509 ..45-

457 611 582 700 αίρεσδ’
606 612 687 696 ύνω,
709 619 777 696 ίαί,,
800 618 856 683 ίαί.

457 725 689 812 δειπνήσομεν,
713 724 794 807 εὐοῖ,
816 723 899 806 εύαῑ,

457 835 540 917 εὐαῖ,
566 836 607 916 ὡς
631 839 683 905 ἐπί
704 843 796 924 νίκῃ·

457 948 541 1029 εύαῑ,
565 945 649 1029 εύαῖ,
673 946 758 1028 εύαῑ,
781 946 878 1016 erici?

148 1062 261 1125 Nonne
281 1081 385 1144 paene
408 1061 510 1125 oculis
533 1062 719 1143 conspicere
742 1061 835 1124 nobis
858 1061 1004 1125 videmur
1023 1061 1208 1127 choreutas
1232 1063 1295 1128 166-

147 1174 221 1237 11116
256 1173 455 1237 exsultantes
499 1172 776 1254 ascendentesque
809 1172 851 1235 ad
896 1173 1072 1255 pulpitum,
1117 1180 1158 1237 ut
1203 1196 1323 1260 erum·

148 1286 250 1350 secuti
274 1289 423 1348 cenatum
447 1285 549 1348 eant?

235 1396 302 1460 Vll.
325 1395 571 1479 Lysistrata.
617 1395 848 1480 Lysistratam,
878 1396 1033 1477 quoniam
1055 1395 1179 1461 chorus
1204 1399 1293 1462 simi-

146 1507 222 1571 liter
245 1507 312 1570 exit
335 1513 433 1589 atque
464 1508 496 1570 in
524 1507 771 1585 Ecclesiazusis,
799 1507 856 1571 sed
886 1506 940 1571 res
967 1529 1028 1590 per
1057 1528 1091 1571 se
1123 1529 1192 1572 non
1225 1515 1292 1574 tam

148 1618 320 1684 manifesta
342 1625 408 1697 est,
437 1624 512 1701 post
543 1618 632 1682 illam
662 1624 850 1683 tractamus.
896 1619 1017 1683 Verum
1038 1641 1102 1683 non
1126 1620 1230 1685 modo
1253 1621 1292 1686 (16

148 1731 239 1796 chori
261 1731 405 1808 decessu,
428 1730 485 1794 sed
509 1730 548 1794 de
570 1735 640 1794 tota
664 1737 809 1795 extrema
836 1736 931 1814 parte
959 1733 992 1794 in
1015 1732 1142 1795 incerto
1168 1754 1292 1812 sumus,

149 1864 233 1925 quae
253 1843 316 1906 nisi
331 1841 528 1925 expedimus,
550 1864 590 1906 ne
614 1843 653 1906 de
678 1864 716 1906 66
731 1842 870 1924 quidem,
895 1863 992 1924 quam
1014 1863 1100 1906 nuno
1114 1842 1292 1922 habemus,

149 1955 337 2036 quaestione
374 1953 551 2035 quidquam
582 1958 726 2017 statuere
755 1974 937 2036 possumus.
988 1953 1036 2017 Ea
1068 1955 1157 2017 enim
1193 1956 1292 2034 ratio,

148 2066 268 2148 quain
289 2065 419 2149 optimis
442 2063 607 2129 codicibus
634 2086 745 2129 versus
773 2065 860 2128 inter
888 2065 1031 2148 singulas
1052 2085 1216 2147 personas
1245 2067 1293 2130 di·

148 2176 316 2255 viduntur,
340 2197 359 2240 a
381 2176 544 2258 plerisque
568 2175 747 2239 editoribus
769 2196 967 2258 magnopere
991 2176 1023 2239 in
1046 2175 1293 2242 dubitationem

148 2293 265 2352 vocata
281 2292 330 2351 est
345 2292 443 2368 atque
463 2286 716 2350 diversissimum
738 2287 771 2350 in
785 2287 925 2352 modum.
970 2287 1049 2352 (lum
1065 2292 1180 2351 autem
1196 2295 1295 2353 tanta

149 2399 307 2463 dissensio
331 2403 450 2476 exstet,
474 2399 655 2462 certissima
676 2399 905 2480 progredimur
927 2399 998 2478 via,
1021 2399 1048 2462 si
1072 2398 1115 2461 ad
1137 2399 1294 2465 codicum

148 2510 245 2574 fidem
268 2510 420 2573 redimus.
466 2510 609 2586 Quorum
632 2509 729 2573 lectio
752 2510 840 2583 mihi,
864 2511 891 2574 si
914 2531 934 2574 a
955 2510 1068 2592 paucis
1086 2510 1295 2591 discesseris,

149 2621 355 2685 unavidetur
374 2626 466 2684 recta
487 2641 557 2685 6666
579 2626 612 2684 61
627 2621 709 2685 bene
724 2621 890 2704 explicari.
934 2623 1049 2703 ltaque
1073 2642 1147 2685 eum
1170 2621 1295 2703 locum,

149 2732 189 2796 (16
211 2753 275 2814 quo
298 2733 437 2797 maxime
457 2738 616 2797 certatum
638 2738 697 2811 est,
720 2733 777 2812 ita,
800 2739 838 2797 61
859 2733 938 2798 mihi
952 2732 1125 2817 probabile
1147 2734 1295 2815 videtur,

150 2843 300 2907 scribam.

153 2959 234 3019 1189
259 2959 357 3020 ΧΟΡ.
382 2962 487 3022 ΓΥΝ.
532 2955 737 3042 στρωμάτων
760 2959 796 3024 δὲ
818 2960 979 3024 ποικίλων
1000 2963 1068 3022 κτλ.

153 3071 234 3129 1216
257 3071 500 3133 ΑΓΟΡΑΙΟΣ.
545 3064 658 3153 ἄνοιγε
685 3067 748 3154 τὴν
779 3067 891 3153 θύραν
923 3065 973 3134 σύ.
1006 3069 1111 3133 &ER
1135 3091 1297 3156 παραχω-

246 3160 248 3164 ·
716 3189 788 3264 ρεῑν
809 3180 932 3256 estete:

254 3285 346 3373 ὑμεῖς
367 3294 400 3357 τί
421 3289 593 3376 κάθησθε,
615 3300 690 3378 μῶν
712 3289 778 3376 ἐγὼ
801 3300 842 3379 τῇ
862 3286 1009 3376 λαμπάδι

255 3397 339 3484 ὑμᾶς
360 3400 576 3481 κατακαύσω,
599 3401 762 3485 φορτικὸν
781 3401 819 3469 τὸ
844 3404 975 3487 χωρίον.
998 3401 1040 3482 (l)

253 3517 322 3578 ΑΓ.
368 3508 430 3579 οὐκ
453 3509 495 3578 ἂν
517 3510 693 3601 ποιήσαιμ’.
740 3520 836 3581 ΘΕΡ.
871 3515 899 3579 εί
922 3511 958 3578 δὲ
981 3509 1072 3577 πάνυ
1097 3515 1152 3578 δεῖ

715 3633 817 3692 τοῦτο
839 3627 933 3709 δρᾶν,

154 3736 238 3796 1220
261 3729 341 3816 ύμῖν
362 3739 568 3820 χαρίσασθαι,
589 3734 968 3821 προσταλαιπωρήσομαι
979 3734 1013 3818 1).

254 3849 323 3909 ΑΓ.
368 3842 480 3931 χήμεῖς
502 3873 539 3932 χε
564 3847 645 3932 μετὰ
668 3856 731 3915 σοῦ
752 3843 1115 3930 ξυνταλαιπωρήσομεν.

257 3960 353 4020 ΘΕΡ.
399 3953 461 4023 ούκ
485 3955 598 4039 duem
619 3958 810 4025 κωκύσεσθε
832 3956 890 4036 τὰς
911 3960 1023 4042 τρίχας
1044 3955 1166 4040 μακρά.

256 4061 318 4133 οὐκ
340 4062 444 4146 ἄπιθ’,
467 4065 555 4148 ὅπως
577 4068 620 4137 διν
644 4073 677 4136 οἱ
698 4070 855 4147 Λύκωνες
877 4069 1019 4134 ἔνδοθεν

254 4176 331 4243 καθ’
356 4174 495 4261 ἡσυχίαν
516 4177 659 4248 ἀπίωσιν
682 4177 884 4267 εὐωχημένοι
891 4211 902 4260 ,·

222 4304 397 4373 1)Ε6χ66,
