2872 5092
707 463 917 527 „34-

241 631 401 701 minorum
424 635 579 713 ostendit,
603 635 659 699 sed
681 657 709 698 v.
734 638 903 699 398-402
915 665 958 686 =
970 637 1143 696 ror—408
1155 664 1203 685 =
1216 631 1371 698 roa-tlt

242 749 379 814 eundem
409 748 559 813 videlicet
593 749 626 811 in
661 754 729 810 tres
760 753 871 829 partes
895 745 1031 808 divisum
1062 743 1244 824 exhibent,
1281 750 1374 826 atque,

241 859 275 924 id
297 862 384 942 quod
407 881 555 924 versuum
577 863 768 941 argumenta
791 856 917 934 docent,
939 856 1003 933 ita,
1027 860 1065 918 ut
1085 856 1233 938 primam
1257 855 1374 918 illarum

243 971 450 1054 stropharum
494 977 567 1034 octo
608 990 717 1047 senm,
750 968 925 1032 secundam
965 972 1121 1049 quattuor
1155 967 1317 1031 mulieres
1352 971 1377 1029 et

243 1087 399 1164 quattuor
434 1082 575 1164 virgines
586 1081 626 1165 ¹),
673 1079 804 1144 tertiam
844 1085 917 1142 octo
953 1078 1084 1142 iuvenes
1122 1083 1271 1146 canant’.
1325 1082 1376 1145 Ne·

243 1214 305 1275 que
335 1215 410 1258 vero
439 1193 602 1271 videmus,
639 1212 779 1273 quanam
819 1190 859 1254 de
897 1210 996 1253 causa
1033 1210 1141 1254 mares
1180 1191 1271 1258 duas
1300 1194 1379 1258 chori

242 1311 370 1387 partes,
410 1305 549 1369 feminae
578 1323 676 1368 unam
707 1301 858 1365 efficiant.
913 1300 993 1378 Neo,
1024 1301 1173 1382 quamvis
1207 1305 1380 1368 Arnoldt
1421 1354 1423 1393 ἔ

243 1415 399 1481 adversus
421 1417 554 1494 nitatur,
578 1413 721 1478 dubitari
743 1418 868 1496 potest,
900 1413 977 1494 quin
1002 1411 1140 1476 feminae
1165 1435 1194 1476 v.
1221 1421 1290 1480 444
1314 1416 1377 1480 abe·

242 1534 308 1592 ant.
353 1527 436 1592 Nam
465 1548 546 1609 quos
574 1527 704 1590 invocat
739 1524 859 1588 similes
887 1523 977 1587 locos
999 1524 1182 1606 Vesparum
1212 1532 1250 1590 et
1274 1529 1382 1593 Avium
1421 1550 1424 1557 ·

242 1660 315 1704 eum
345 1660 409 1704 non
446 1639 601 1702 adiuvare
637 1639 703 1701 iam
733 1637 890 1713 vidimus,
923 1635 991 1698 Pax
1025 1640 1140 1717 postea
1173 1639 1382 1704 tractabitur.

242 1751 362 1814 Tamen
392 1751 510 1813 iterum
542 1755 745 1832 reputemus,
779 1769 876 1830 quam
902 1768 1090 1830 perversum
1122 1746 1167 1810 sit
1194 1750 1383 1829 praedicari

244 1861 375 1944 quidem
414 1861 550 1925 feminas
582 1861 690 1938 abire,
728 1858 828 1923 nihilo
862 1859 967 1922 secius
1002 1879 1057 1921 eas
1079 1860 1230 1922 manere!
1280 1864 1383 1944 Atque

241 1973 378 2038 feminas
400 1995 427 2036 v.
453 1979 514 2038 598
537 1973 569 2034 in
593 1972 691 2034 choro
714 1992 777 2034 non
801 1990 870 2034 esse
893 1969 1054 2032 Xanthias
1079 1969 1225 2033 ostendit
1250 1972 1383 2037 chorum

242 2086 289 2149 sic
311 2084 487 2148 allocutus:

521 2190 563 2260 οὐ
583 2203 702 2272 κακῶς,
729 2182 861 2277 ὦνδρες,
884 2186 1075 2276 παραινεῖτ’.

242 2307 340 2371 Cuius
375 2305 557 2387 argumenti
588 2304 782 2384 gravitatem
813 2324 1010 2385 quamquam
1042 2301 1220 2366 Arnoldt
1249 2309 1384 2389 spernit

242 2424 350 2482 tamen
374 2415 523 2499 exempla
545 2436 608 2478 non
636 2417 778 2497 profert,
811 2415 929 2496 quibus
952 2413 1191 2484 multitudinem
1216 2418 1384 2498 quandam

243 2531 387 2593 virorum
415 2533 447 2591 et
477 2526 670 2590 feminarum
701 2522 819 2611 ἄνδρες
848 2526 957 2589 vocari
992 2525 1243 2590 demonstretur.
1301 2530 1384 2612 Ergo

243 2664 269 2704 v.
293 2645 356 2704 444
366 2640 393 2722 ²)
422 2639 561 2702 feminae
593 2639 714 2703 abeunt
745 2645 777 2702 et
809 2659 880 2702 oum
914 2636 1052 2715 abeunt,
1084 2635 1163 2699 nihil
1195 2637 1260 2721 nisi
1289 2661 1384 2724 para·

243 2799 448 2808 -—-——-—-

312 2882 338 2946 1)
357 2879 431 2947 Quas
448 2895 473 2932 v.
492 2880 630 2932 403-408
656 2882 768 2947 praeter
792 2877 917 2930 ordinem
943 2876 1078 2930 cecinisse
1096 2892 1267 2944 quamquam
1287 2897 1340 2948 per
1356 2897 1384 2933 se

242 2965 313 3019 bene
339 2966 457 3033 cogitari
485 2970 594 3032 potest,
621 2968 715 3016 tamen
739 2968 796 3016 tros
822 2963 882 3015 illas
911 2962 1038 3031 strophas
1064 2980 1080 3013 a
1105 2961 1233 3029 legitimo
1260 2966 1384 3018 virorum

243 3052 329 3105 choro
356 3055 480 3103 cantatas
505 3066 564 3102 esse
588 3050 660 3101 malo
687 3066 809 3102 censere.
845 3048 917 3100 Nam
943 3031 1012 3100 cum'
1033 3052 1126 3101 cetera
1152 3049 1279 3102 carmina
1304 3050 1383 3103 huius

243 3137 320 3189 ohori
339 3136 511 3189 antiohorioa
529 3135 662 3202 bipertita
679 3135 747 3201 sint,
773 3152 858 3185 unum
881 3134 1053 3202 tripertitum
1077 3148 1135 3184 esse
1161 3150 1218 3185 non
1236 3136 1382 3202 probabile

243 3227 293 3275 est.
329 3220 426 3288 Neque
445 3219 595 3289 quidquam
618 3220 647 3272 in
673 3218 795 3272 secunda
819 3219 935 3289 stropha
952 3222 1007 3286 est,
1034 3217 1108 3285 quod
1132 3219 1186 3271 viri
1205 3236 1312 3274 canere
1329 3237 1383 3273 non

242 3307 394 3376 potuerint.
429 3305 494 3358 Hoc
512 3306 575 3358 loeo
595 3305 874 3374 praetermittendum
894 3323 949 3357 non
969 3310 1019 3373 est,
1036 3322 1081 3358 me
1098 3303 1308 3374 Droysenii
1327 3324 1382 3359 ver·

243 3394 349 3446 sionem
366 3409 391 3445 v⁴
410 3393 547 3458 404sqq.:

431 3475 575 3529 Zerrissen
593 3475 656 3528 hast
673 3475 711 3528 du
729 3477 814 3531 solbet
832 3479 885 3529 mir
900 3478 929 3544 ja
946 3493 1009 3528 zum
1026 3475 1177 3530 Geltohter

431 3558 497 3617 Und
515 3561 718 3616 Narrantheide
738 3563 827 3617 meino
848 3562 1063 3629 Chorsanrhlen,

430 3647 509 3701 Mein
526 3647 706 3700 Fetzenkleid
727 3679 761 3686 —

242 3751 298 3789 non
324 3737 430 3788 rectam
456 3733 572 3800 ducere,
599 3733 684 3785 immo
709 3735 857 3802 κατεσχίσω
883 3733 1035 3802 significat:
1064 3733 1133 3786 tibi
1158 3732 1269 3787 scidisti
1295 3736 1382 3789 soleas

243 3825 272 3873 et
288 3824 402 3874 vestem.

311 3905 338 3971 2)
358 3903 409 3957 Cui
426 3922 450 3956 v.
469 3904 589 3972 444sqq.
608 3905 779 3973 tribuantur,
800 3906 933 3959 dissensio
950 3905 1072 3957 virorum
1091 3903 1240 3956 doctorum
1259 3911 1321 3973 ost3
1340 3924 1382 3960 co·

243 3990 336 4044 dicum
352 3989 465 4057 quidem
481 3990 583 4042 indicia
596 3991 624 4042 in
641 4008 673 4043 ea
687 3993 791 4060 paredo
807 3992 992 4044 incertissima
1006 3990 1143 4042 videntur.
1179 3987 1278 4057 Atque
1295 3990 1383 4045 Diu·

242 4074 326 4129 dorf
341 4080 370 4129 et
387 4074 436 4127 Ar
445 4092 462 4126 n
472 4074 551 4128 oldt
568 4075 675 4128 Bacchi
689 4093 748 4129 esse
763 4082 864 4145 putant
877 4094 963 4143 aeque
978 4093 1010 4128 ac
1024 4092 1048 4128 v.
1062 4076 1114 4127 414
1123 4092 1162 4141 sq.
1193 4073 1252 4128 Sed
1263 4094 1383 4145 prunum

242 4161 377 4215 sermonis
396 4160 467 4212 ratio
486 4160 584 4211 elatior
602 4165 645 4213 est
663 4154 707 4227 (οὗ
727 4164 939 4230 παννυχίζουσιν
956 4161 1037 4231 θεᾷ),
1065 4177 1146 4226 quum
1171 4176 1227 4226 qua
1254 4160 1384 4217 Bacchus

242 4251 344 4312 utatur,
363 4261 453 4313 neque
471 4245 494 4296 is
512 4244 605 4298 dicere
623 4252 717 4314 potest
742 4252 843 4315 φέγγος
861 4243 937 4309 ἱερόν
956 4247 1056 4308 οἴσων,
1081 4249 1140 4297 tum
1157 4243 1321 4316 Xanthiae‚
1341 4250 1385 4317 qui

241 4331 365 4400 linguam
383 4348 463 4383 suam
481 4331 600 4383 retinere
619 4349 758 4400 nunquam
775 4337 883 4402 potest,
910 4333 1028 4399 aliquam
1047 4332 1258 4384 adnotationem
1279 4333 1387 4388 deside·
